3006 4762
576 352 729 405 Nono-ri
758 354 805 409 lim
842 354 879 409 >tr
1248 351 1307 413 121

168 550 236 615 135
317 562 349 617 13
373 566 531 611 sacromm
557 566 591 611 er
615 566 701 611 ruore
724 544 793 610 riuo
817 543 984 608 uiridaotia
1008 542 1085 608 oliui

310 672 343 723 15
368 654 570 737 praemadida
592 653 794 735 uitulumque
819 650 931 715 clelrinc
955 668 1132 735 agnumque
1157 648 1308 713 nitentem

311 780 344 831 lo
368 761 561 845 arietemque
586 761 693 833 simul.
718 759 837 825 lmeclus
861 760 912 823 cui
936 758 1078 841 iungitur
1101 757 1219 825 albens.

311 884 342 937 17
366 869 420 952 qui
444 871 574 952 peccata
596 869 693 935 leuat.
718 867 814 931 simili
838 886 909 931 cum
933 866 1035 931 lroute
1058 864 1208 929 iuuencas
1308 870 1366 919 1⁴0

369 992 432 1039 una
455 974 544 1041 claras.
569 994 649 1057 quae
674 992 762 1037 saera
784 973 896 1036 iuuant
920 971 1087 1036 coniuncta
1109 970 1216 1046 saluti,
1423 960 1440 969 ’

168 1084 235 1147 140
371 1081 485 1143 arietes
509 1080 647 1163 quinque
672 1079 837 1160 hircosque
862 1097 1020 1161 agnasque
1043 1079 1212 1159 sequentes

369 1186 526 1253 consimili
551 1206 700 1249 numero:
724 1185 817 1268 primi
841 1188 916 1248 sunt
938 1183 1076 1249 muneris
1100 1184 1171 1248 ista.

136 1356 140 1361 .
245 1310 340 1379 resqq
411 1293 491 1358 Post
513 1291 590 1357 lraee
615 1312 757 1375 quaeque
781 1292 883 1357 tribus
906 1289 1050 1355 diseretis
1073 1290 1156 1353 laeta
1180 1289 1292 1352 diebus
1434 1292 1462 1373 “l

365 1401 447 1465 «lona
471 1399 558 1463 dedit
581 1417 735 1481 nusquam
759 1398 894 1463 fraterno
918 1397 949 1460 in
972 1414 1101 1460 munere
1125 1395 1255 1461 discors.
1307 1407 1362 1455 rso
1439 1380 1461 1425 *²

367 1505 514 1572 omnibus
539 1505 568 1569 in
594 1504 680 1568 uasis
705 1504 820 1587 pariter
843 1503 870 1567 si
895 1520 1019 1566 summa
1041 1502 1173 1567 locetur.

170 1614 235 1678 145
313 1616 502 1681 statuero
526 1612 557 1675 in
582 1611 705 1695 gabatis
730 1611 852 1676 caelato
876 1608 1056 1673 ardentibus
1081 1627 1156 1672 auro

365 1718 479 1803 uiginti
505 1722 696 1800 centumque
720 1717 800 1781 fiunt
823 1736 878 1801 per
900 1715 1037 1799 pondera
1060 1714 1167 1779 librae.

309 1838 343 1892 89
412 1826 500 1890 Haec-
524 1826 578 1890 ubi
603 1825 735 1890 deuouit
757 1843 916 1889 saerorum
940 1822 1075 1906 insignia
1098 1824 1199 1888 uates

363 1931 509 1996 ellantem
534 1931 696 1997 dominum
720 1933 842 1996 sacrata
864 1930 987 1994 audiuit
1009 1929 1041 1993 in
1065 1927 1151 2003 aede,
1306 1944 1362 1993 rso

365 2037 442 2102 dum
467 2058 561 2122 super
584 2038 697 2103 eximia
719 2038 853 2102 rutilans
876 2037 1004 2121 fastigia
1027 2036 1139 2102 candet

162 2143 229 2206 150
366 2150 460 2227 atque
485 2146 680 2211 Cherubinos
704 2146 785 2209 inter
808 2145 862 2209 dat
885 2145 1034 2228 dogmata
1055 2142 1146 2228 legia.

243 2250 265 2311 tl
324 2265 341 2317 2
365 2269 422 2315 nee
446 2252 551 2316 minus
575 2255 608 2315 et
630 2252 752 2335 positae
777 2251 902 2316 diuersa
925 2251 955 2315 in
979 2255 1067 2334 parte
1090 2253 1235 2315 lucernae

364 2357 414 2422 bis
440 2377 531 2423 senas
555 2378 705 2423 uomuere
729 2358 824 2424 faces.
849 2377 927 2440 quas
951 2358 1103 2423 candidus
1128 2358 1202 2421 ordo

366 2463 540 2528 distinctim
563 2465 693 2528 rutilans
717 2464 812 2531 dedit.
838 2463 910 2528 dum
934 2463 1062 2529 brachia
1083 2464 1192 2546 pandit
1304 2480 1360 2530 155

369 2589 463 2634 aurea
487 2571 665 2641 derisorum.
690 2571 826 2635 discreta
849 2574 880 2635 et
903 2570 1023 2634 lumina
1045 2571 1147 2636 fulcit.

165 2677 233 2741 155
311 2691 344 2744 24
414 2677 536 2742 Interea
559 2678 670 2742 Leuita
692 2696 805 2741 manus
830 2677 957 2742 donaria
978 2680 1116 2741 tractans

367 2801 384 2844 a
407 2782 457 2847 bis
482 2783 601 2847 ulcenis
626 2787 658 2846 et
681 2784 818 2865 quinque
842 2782 1020 2847 adsumitur
1043 2783 1143 2851 annia.

308 2904 343 2955 25
368 2892 400 2950 et
423 2888 477 2971 qui
502 2890 667 2953 seruitium
691 2891 753 2953 iam
778 2890 867 2954 denia
891 2890 1057 2972 quinquies
1080 2891 1169 2955 anuis

365 2994 496 3076 explerit
519 2994 646 3059 domini.
671 3014 792 3060 uacuus
815 2996 858 3060 sit
880 3014 953 3059 cura
975 2995 1104 3079 parendi
1304 3017 1362 3068 160

364 3100 459 3181 inque
482 3101 588 3165 locum
613 3102 714 3166 uetuli
737 3102 862 3167 iuuenis
887 3102 1037 3167 succedat
1060 3105 1092 3166 et
1115 3103 1207 3168 adsit.

164 3207 229 3270 leid
327 3223 342 3274 7
366 3227 499 3289 quorum
524 3228 592 3274 rore
615 3210 680 3273 leni
703 3209 877 3273 redduntur
900 3228 1029 3293 corpora
1050 3229 1129 3293 pura

363 3313 502 3378 fluminis
527 3319 582 3378 aut
606 3315 713 3384 fontis.
738 3318 771 3379 et
794 3316 879 3380 acuti
902 3317 1052 3380 lammina
1076 3316 1149 3380 ferri

1418 1080 1451 1101 s.

365 3421 534 3485 caesariem
561 3423 667 3497 comit,
693 3423 719 3488 si
744 3424 839 3488 crinis
862 3424 985 3489 sorduit
1007 3424 1128 3508 ingens.

366 3527 548 3593 indumenta
572 3528 683 3593 dehinc
707 3531 813 3595 studio
837 3550 973 3613 curaque
996 3532 1152 3599 lauantur.
1304 3555 1360 3607 165

296 3637 303 3689 ἶ
363 3653 401 3696 ne
426 3633 550 3714 quando
575 3635 735 3698 occultum
759 3637 918 3700 maculent
943 3637 1089 3720 contagia
1112 3656 1234 3721 comus.

199 3822 252 3876 133
266 3822 340 3876 oliuo
350 3824 377 3875 A
415 3824 466 3877 136
479 3824 584 3877 nitente
594 3827 620 3878 ,1
659 3826 709 3878 1:37
723 3825 808 3880 lreelus
817 3830 872 3880 Ac·
887 3829 936 3882 139
951 3828 1018 3883 eleros
1030 3832 1055 3884 A
1094 3830 1144 3885 110
1153 3831 1247 3902 hyrcos
1259 3837 1311 3890 Al!

159 3910 306 3981 arguent]
377 3913 425 3965 141
446 3914 538 3983 primis
549 3917 575 3966 ,1
650 3917 701 3969 llo
721 3919 784 3986 quel
803 3934 836 3971 ue
853 3920 878 3970 t'
916 3920 981 3973 liam
999 3924 1020 3973 .l
1101 3921 1150 3975 147
1170 3924 1311 3979 uatisAO

161 3999 217 4053 118
236 3998 363 4053 efflantem
378 4003 402 4052 ,1
422 4002 549 4055 affantem
568 4006 592 4053 l'
625 4003 692 4075 aede
709 4006 733 4059 (Τ
787 4008 837 4061 ital
855 4007 983 4063 cherubin
998 4010 1124 4065 ostendat
1142 4012 1270 4082 dogmata
1281 4018 1305 4067 :l

160 4086 379 4142 londinensem
426 4091 478 4144 154
493 4092 639 4145 eerelorurn
654 4096 709 4146 Ac
755 4096 804 4148 lto
820 4096 901 4151 ,labie
914 4101 938 4149 t'
972 4100 1117 4155 assumitur
1129 4102 1153 4153 (¹
1197 4103 1246 4156 159
1262 4121 1307 4157 uc·

158 4175 207 4229 lili
221 4178 249 4227 A
315 4176 363 4230 161
386 4179 458 4232 acuti
478 4183 506 4233 et
520 4181 575 4235 .ch
592 4198 659 4235 eura
671 4200 693 4249 1¹
730 4183 830 4239 larnirea
848 4190 870 4239 .l
939 4190 988 4243 roe
1007 4206 1158 4243 caesaream
1173 4193 1198 4245 ,1
1236 4192 1308 4246 sordi

158 4265 204 4318 nit
219 4267 245 4315 A
302 4266 352 4318 164
370 4283 405 4319 ne
424 4267 531 4336 quando
547 4270 571 4319 A
590 4287 679 4339 nequa
698 4272 742 4326 uel
760 4274 784 4324 l*
817 4276 943 4331 secalrlm
960 4296 976 4329 a
