2984 4762
694 320 897 372 l'ictorini

350 534 468 596 poenae
492 514 555 577 tale
579 533 679 596 genus
704 513 807 577 simile
831 513 1013 597 peruincere
1037 517 1138 578 natos.

352 624 464 702 coepta
486 619 576 684 iubet
598 620 716 702 peragi.
741 622 842 683 mater
865 639 925 683 non
949 619 1058 683 tenita
1081 620 1210 684 mansit.

352 727 407 790 sed
431 730 536 789 tamen
561 729 598 788 ut
620 726 703 788 uidit
725 726 897 807 pallentem
922 726 1070 790 assistere
1095 729 1215 790 natum.

352 831 429 894 haec
454 849 564 895 secum
588 831 733 894 uoluens.
759 830 865 910 aliqua
887 830 950 892 iam
974 833 1061 912 parte
1085 830 1210 893 leuata:

351 957 423 1001 ecce
448 937 587 1002 secunda
609 937 688 1000 milri
711 940 820 1019 partus
845 936 1030 1018 producitur
1053 940 1150 1002 aetas.

352 1063 448 1124 quam
472 1043 586 1106 similis
610 1043 698 1106 fratri
722 1042 860 1107 formoso
884 1046 1022 1124 pectore.
1047 1043 1123 1105 dura

353 1150 380 1213 si
405 1150 547 1231 sequeris
570 1150 662 1231 primi
685 1152 794 1231 partus
819 1150 954 1232 uestigia
978 1149 1077 1213 nostri

329 1264 424 1320 'esse
448 1275 540 1319 meus
564 1256 693 1337 poteris.
719 1261 751 1319 et
773 1256 819 1319 sic
841 1274 983 1337 reparare
1008 1256 1155 1319 salutem.

254 1368 279 1425 1ἴ
355 1382 450 1444 quam
474 1362 537 1424 iam
560 1363 656 1425 frater
679 1361 783 1426 habet.
807 1361 918 1425 matris
941 1366 1108 1445 praecepta
1131 1366 1273 1429 secutus

353 1488 433 1551 pone
457 1472 575 1532 metus.
600 1469 759 1551 Regisque
783 1468 883 1532 minas
908 1472 1074 1533 contemne
1097 1467 1242 1534 furentis.

353 1594 511 1657 regnaque
536 1593 679 1655 quaeque
703 1574 836 1655 paruula
858 1574 1007 1638 habentia
1029 1577 1172 1657 tempora
1195 1574 1319 1642 dantur.

355 1701 416 1745 non
440 1681 557 1763 poterit
579 1685 653 1763 post
675 1682 738 1742 ista
762 1679 821 1742 tibi
843 1681 908 1743 Rex
931 1680 994 1743 iste
1018 1699 1138 1744 nocere.

357 1788 509 1869 temporis
535 1805 607 1850 ecce
630 1786 712 1849 leuis
737 1805 888 1850 accensus
914 1786 1039 1869 cogitur
1060 1787 1144 1869 ignis

247 1943 253 1956 .
357 1894 486 1957 uirtutis
509 1893 599 1957 locus
624 1895 682 1957 est.
706 1893 910 1974 languentem
932 1911 1012 1975 pone
1035 1893 1192 1959 timorem.

354 2020 444 2064 sume
468 2017 572 2062 mores
595 1998 695 2062 nostri
719 1999 843 2080 generis
867 1999 894 2062 si
917 2018 1029 2064 sensus
1053 2000 1205 2066 inhaeret.

355 2107 407 2170 lric
431 2107 485 2187 qui
509 2109 632 2188 sceptra
655 2108 753 2169 tenet.
777 2125 871 2187 regno
896 2107 950 2186 qui
974 2107 1076 2170 saeuit
1098 2107 1130 2170 in
1153 2108 1227 2174 isto.

353 2217 480 2295 tempus
504 2213 595 2276 inane
620 2212 715 2294 cogit.
739 2231 870 2294 regnum
894 2213 1057 2294 uitamque
1080 2215 1211 2289 creauit,

355 2317 556 2399 damnarique
581 2336 697 2380 nocens
721 2319 865 2381 aeternos
889 2317 1006 2381 sentiet
1027 2318 1129 2401 ignes.

251 2431 287 2487 .'
360 2429 395 2489 tu
420 2443 551 2488 securus
576 2423 647 2486 eris.
672 2423 765 2486 turba
789 2422 959 2486 comitante
982 2423 1117 2506 piorum.

355 2532 460 2613 accipe
485 2533 556 2593 nate
580 2549 667 2592 meos
692 2528 814 2604 uultus,
840 2533 871 2591 et
894 2530 1014 2611 respice
1039 2530 1174 2606 coelum,

355 2640 560 2716 autoremque
584 2634 678 2697 deum
701 2653 756 2715 per
779 2652 873 2714 quem
896 2634 953 2697 tibi
977 2635 1044 2698 uita
1066 2638 1194 2717 paratur

355 2744 413 2806 lrac
437 2741 557 2805 melior.
581 2739 748 2820 fratrisque
770 2740 819 2802 tui
842 2740 980 2823 uestigia
1004 2741 1098 2806 calca.

356 2870 417 2914 non
442 2847 525 2929 quod
549 2847 613 2910 Rex
636 2846 736 2922 iubet,
761 2847 816 2910 sed
840 2847 925 2927 qued
949 2847 1026 2911 deus
1049 2849 1184 2930 imperat
1206 2849 1289 2913 audi.

356 2957 440 3019 sicut
463 2958 530 3017 erat
552 2953 691 3017 monitus
715 2957 849 3016 matrem
872 2954 1058 3034 coelumque
1082 2955 1215 3029 uideret,

355 3060 507 3135 constitit,
532 3062 626 3139 atque
650 3059 741 3121 hilari
764 3061 858 3123 uultu
882 3063 1080 3124 contemnere
1103 3061 1223 3143 Regem

355 3168 467 3248 coepit.
492 3169 524 3228 et
547 3169 583 3228 ut
605 3164 709 3228 ridens
734 3165 878 3229 ardentes
901 3166 993 3229 irruit
1015 3167 1114 3249 ignes.

357 3275 579 3355 collapsusque
603 3271 708 3335 iacens
732 3273 837 3335 anima
859 3277 1027 3354 superante
1052 3273 1182 3354 quieuit.

355 3382 456 3442 mater
478 3381 515 3441 ut
538 3377 597 3441 hoc
621 3377 703 3440 uidit
725 3377 827 3460 rigido
852 3379 897 3443 sic
922 3399 973 3442 ore
996 3380 1104 3443 locuta
1127 3384 1196 3444 est:

257 3572 290 3624 87
311 3588 379 3640 quae
398 3585 481 3638 paruo
501 3568 640 3621 latitantia
660 3572 780 3637 tempore
872 3569 903 3621 91
923 3571 1023 3638 mores]
1042 3571 1145 3624 animos
1227 3573 1262 3626 93
1283 3574 1366 3644 cogit]

219 3660 292 3730 regit
328 3656 439 3725 creauit]
461 3673 576 3709 cremare
632 3657 665 3707 97
686 3660 821 3709 auctorem
877 3657 910 3708 99
930 3657 1010 3710 iussit
1066 3659 1116 3711 100
1135 3659 1227 3713 uidere

223 3759 482 3770 ,θη-.-

258 3794 292 3845 79
311 3790 440 3844 adsistere
517 3789 551 3842 80
570 3789 673 3857 aliquid
755 3788 789 3840 82
809 3789 918 3842 formosi
936 3789 1053 3858 pectoris
1072 3790 1151 3843 duras
1233 3793 1267 3847 83
1286 3794 1319 3864 si]
1340 3797 1368 3847 et

222 3881 256 3934 84
277 3883 304 3933 et
323 3879 368 3932 aie.
387 3878 453 3947 rep]
474 3879 497 3930 si
516 3895 607 3947 parere
685 3879 719 3930 86
740 3882 898 3947 contempne
917 3878 1037 3931 furentes
1114 3880 1147 3932 87
1166 3898 1251 3950 regna
1270 3899 1322 3952 que
1341 3901 1367 3958 q.

222 3966 334 4038 peruola
355 3965 485 4018 habentia
510 3966 560 4031 (tia
581 3967 613 4019 ira
634 3970 702 4033 ras.)
727 3970 848 4035 tempore
948 3967 982 4020 88
1006 3984 1051 4020 rex
1070 3968 1133 4021 isti:
1152 3970 1162 4022 i
1182 3986 1214 4022 aa
1232 3986 1247 4024 e
1264 3986 1368 4024 rasura

222 4054 472 4124 superimmensus
522 4055 556 4107 89
566 4054 710 4108 accendere
722 4070 830 4122 cogeres
840 4055 916 4123 ignes
967 4056 1000 4108 91
1020 4056 1121 4110 inhesit
1175 4059 1211 4111 94
1229 4057 1369 4129 dampnari

222 4147 347 4198 aeternus
361 4159 381 4196 a.
396 4144 467 4212 ignis
527 4144 560 4195 96
575 4146 653 4208 nats
709 4142 743 4194 97
754 4145 889 4195 auctorem
946 4143 1162 4215 rosaceumque
1217 4146 1268 4200 101
1280 4145 1366 4216 adque

219 4233 307 4287 helari
344 4237 531 4301 contempnere
587 4232 639 4285 102
658 4237 685 4284 et
705 4231 745 4298 utl
766 4235 797 4282 ut
832 4232 916 4285 inruit
933 4233 1004 4301 ignis
1061 4235 1112 4287 103
1132 4236 1273 4304 conlapsus
