3006 4762
723 358 923 413 Victorini

380 556 468 619 firma
492 559 607 621 manet.
632 557 695 619 iam
719 576 799 638 quae
823 560 947 639 poterat
969 557 1021 620 uel
1046 557 1171 619 uincere
1194 556 1324 639 Regem.

423 664 473 727 nd
496 683 588 744 quem
615 663 661 727 sio
684 663 809 745 placido
834 668 935 727 mater
958 683 1101 728 sermone
1125 664 1231 727 locuta
1258 667 1324 726 est:

382 770 409 833 si
434 770 505 833 dare
530 771 712 852 complexus
737 771 829 835 matri
852 770 911 834 tibi
935 771 1007 832 nate
1030 769 1151 833 liceret.

380 877 530 941 confiteor
553 877 614 941 soli
637 882 710 958 post
734 878 865 941 uulnera
889 880 962 940 nate
985 875 1154 939 dedissem.

380 984 436 1046 sed
458 1002 509 1046 me
535 983 611 1046 dura
635 987 734 1049 uetat.
760 988 792 1047 et·
814 983 916 1047 tristis
939 981 1082 1066 potentia
1104 982 1200 1064 Regis

380 1089 515 1171 denegat
539 1090 712 1171 amplexus.
738 1090 812 1152 dum
838 1089 881 1153 sit
904 1107 965 1153 uox
988 1088 1088 1151 libera
1111 1087 1212 1153 nobis.

381 1198 412 1259 et
435 1195 531 1259 liceat
553 1195 737 1260 meminisse
761 1196 821 1260 dei.
846 1195 1014 1279 legemque
1039 1197 1143 1257 tenere

249 1308 255 1329 ⁴
294 1341 299 1356 ·
382 1319 442 1364 non
468 1319 582 1383 aroge
607 1301 723 1378 datam,
748 1301 801 1365 sed
827 1320 922 1382 quam
947 1300 1024 1365 deus
1049 1300 1164 1364 arbiter
1188 1300 1271 1363 orbis

380 1407 519 1472 tradidit.
545 1411 577 1471 et
600 1408 710 1471 mundi
733 1411 846 1483 rector,
870 1408 1041 1488 Mosesque
1064 1407 1197 1488 petitam

379 1513 509 1596 accepit,
534 1515 715 1596 populoque
740 1514 835 1585 dedit,
861 1533 932 1578 enm
956 1513 1090 1577 maxima
1113 1513 1183 1576 laus
1208 1517 1256 1576 est

378 1639 472 1684 nosse
498 1620 601 1684 deum.
626 1621 739 1685 merito
764 1621 896 1685 quinos
920 1620 1096 1684 tribuamus
1121 1620 1282 1685 honorem.

378 1729 414 1789 tu
437 1726 531 1790 modo
556 1746 594 1790 ne
619 1727 729 1791 dubita
751 1727 881 1792 monitis
904 1729 1012 1810 parere
1036 1727 1192 1809 parentis:
1279 1794 1282 1799 ,

270 1871 276 1892 .
382 1832 436 1896 sod
461 1833 554 1916 uigor
577 1836 609 1896 et
632 1833 746 1898 uirtus.
770 1833 960 1916 penitusque
983 1833 1015 1896 in
1038 1836 1165 1916 pectore
1189 1836 1256 1897 toto

378 1957 468 2002 mens
491 1942 619 2002 maneat
642 1939 703 2002 iam
727 1940 821 2022 plena
845 1939 912 2004 deo.
939 1938 991 2004 Sic
1014 1939 1125 2004 fortior
1148 1942 1234 2002 aetas

378 2063 471 2125 quam
496 2045 576 2128 Regi
600 2065 724 2127 sperare
748 2046 819 2121 fuit.¹
846 2064 970 2129 sperare
993 2046 1166 2109 iubentem.

379 2172 395 2214 o
421 2153 539 2231 quanta
562 2151 676 2223 uirtus,
702 2154 817 2233 quanta
843 2155 893 2216 est
915 2151 1028 2215 fiducia
1053 2151 1152 2215 forti?

376 2258 433 2320 sed
457 2261 563 2321 tamen
588 2258 663 2340 quid
688 2258 814 2321 dubitas
839 2257 960 2322 medias
985 2258 1129 2321 euincere
1152 2258 1320 2321 flammas?

271 2364 297 2422 ·’.
380 2363 483 2428 uictor·
506 2364 578 2439 eris,
603 2364 681 2427 mihi
706 2363 796 2429 crede
820 2383 906 2446 puer,
932 2363 1095 2445 uictorque
1119 2362 1246 2427 redibis

379 2468 506 2532 ossibus
531 2472 564 2533 et
586 2469 702 2533 ualidis
726 2469 875 2533 miscebit
898 2488 1028 2552 corpora
1051 2488 1179 2543 neruus,

376 2584 581 2657 seruatasque
606 2575 727 2640 animas
750 2575 866 2639 iterum
890 2575 921 2639 in
945 2594 1028 2639 noua
1052 2575 1176 2639 uiscera
1199 2574 1311 2638 reddit.

378 2681 433 2744 sed
459 2700 496 2744 ne
520 2681 600 2745 forte
624 2684 729 2746 tamen
753 2681 881 2765 rapidus
905 2686 937 2745 te
960 2684 1076 2744 terreat
1098 2679 1192 2763 ignis.

375 2786 506 2849 fratrum
531 2806 620 2850 sume
645 2788 777 2853 animos,
802 2790 1027 2868 aeternumque
1048 2786 1161 2851 inuoca
1184 2806 1310 2852 numen.

420 2893 512 2956 Iussa
535 2892 621 2963 facit.
646 2894 826 2975 tacitusque
850 2893 944 2957 deum
968 2895 1116 2969 testatus,
1141 2897 1173 2956 et
1197 2898 1264 2957 orat

375 3018 535 3063 murmure
559 3019 620 3080 quo
644 3003 777 3082 poterat,
800 3019 934 3082 puerum
957 3018 1019 3063 non
1042 2999 1176 3083 impedit
1200 3003 1296 3076 aetas

375 3125 435 3169 non
460 3104 523 3168 inm
547 3104 659 3168 timere
684 3124 805 3169 necem.
829 3104 984 3185 matrique
1008 3106 1130 3169 uolenti
1264 3108 1280 3137 i

378 3211 491 3293 paruit
518 3214 549 3274 et
574 3210 658 3276 dicto
683 3211 777 3276 citius
802 3210 988 3293 superirruit
1010 3210 1110 3293 ignes.

275 3403 328 3456 242
348 3407 375 3456 et
393 3402 436 3471 tn]
458 3403 597 3472 tristisque
654 3401 705 3454 243
726 3399 773 3453 sed
792 3403 875 3468 neget
928 3398 1063 3468 24761111]
1080 3415 1160 3467 quam
1215 3397 1265 3450 251
1287 3396 1334 3466 sic]
1351 3397 1388 3451 sit

240 3489 292 3546 252
312 3490 430 3545 iubentis
486 3490 539 3544 253
560 3508 574 3542 o
595 3509 620 3560 q.
641 3493 682 3543 est
701 3488 787 3543 uirtus
825 3487 903 3541 fortis
958 3488 1010 3542 254
1030 3487 1130 3555 tamen]
1150 3491 1181 3539 tu
1235 3486 1288 3540 255
1309 3486 1387 3554 (mihi

240 3578 327 3647 crede)
384 3581 436 3633 257
456 3578 551 3633 reddet
606 3579 658 3632 259
677 3578 778 3646 inspice
834 3576 887 3630 262
906 3576 1020 3646 amplius
1038 3575 1111 3628 haud
1130 3575 1209 3628 timet
1226 3575 1274 3628 ille
1292 3591 1385 3630 necem

239 3668 292 3722 263
311 3669 382 3738 ignis

274 3807 326 3862 238
337 3771 578 3878 {mque-poteras
648 3805 700 3858 240
720 3805 863 3874 conplexus
935 3805 988 3857 242
1006 3810 1097 3858 uetate
1117 3805 1203 3858 tristis
1276 3806 1329 3859 244
1348 3807 1385 3875 et}

240 3896 309 3948 enirn
348 3896 400 3968 dei]
421 3897 465 3951 dm
521 3897 573 3951 246
590 3896 677 3966 petita
731 3896 783 3948 248
797 3894 901 3947 meritis
928 3893 1088 3964 tribuamus]
1108 3894 1201 3948 demus
1257 3895 1309 3950 250
1328 3895 1385 3976 sed]

239 4010 263 4063 si
299 4010 368 4079 toto]
397 4015 444 4065 tuo
537 4011 590 4067 253
613 4010 711 4063 fiducia
734 4010 765 4062 ia
787 4026 842 4063 cas.
934 4010 986 4064 254
1009 4010 1164 4078 peruincere
1251 4011 1303 4064 255
1327 3978 1386 4076 ereis

239 4102 379 4167 sectorque
416 4098 521 4153 redebis
591 4099 643 4152 256
658 4098 788 4152 miscebat
803 4114 928 4166 corporea
988 4098 1156 4154 2586111111.
1217 4099 1385 4154 2596015511

238 4184 292 4240 260
311 4187 410 4241 tacitus
430 4188 476 4257 qui
513 4192 629 4243 testatur
729 4187 779 4241 261
802 4185 873 4256 quod
977 4187 1029 4240 262
1048 4187 1160 4241 timuere
1179 4188 1289 4257 necess!
1309 4192 1334 4256 (5
1353 4207 1386 4244 ex

238 4276 281 4326 cst
300 4275 348 4342 ol.)
405 4275 457 4329 263
477 4280 504 4329 et
523 4274 558 4343 d]
580 4276 668 4329 edicto
705 4275 788 4328 inruit
