3006 4762
473 227 662 298 Cypriani
688 225 980 296 heptateucho»

383 420 519 482 educens
541 418 673 481 iuuenes
695 417 796 500 patrio
819 416 1031 482 moderamine
1054 417 1192 498 quinque

327 540 361 593 27
386 523 501 605 septles
526 526 558 585 et
580 522 687 587 denos.
713 521 845 585 Genesis
868 523 905 584 ut
927 521 1062 586 formula
1084 521 1178 587 cauit.

328 645 362 697 28
388 648 424 692 ac
448 628 522 691 dum
544 627 658 690 festino
681 629 848 709 properant
870 627 1031 691 conamine
1056 622 1176 704 turbae,

384 733 540 815 procurrit
562 732 657 795 Iudas
681 735 713 795 et
734 731 865 795 fratrum
887 732 1050 814 praeuolat
1072 751 1184 816 agmen

164 840 250 904 1440
385 839 594 919 Iosepumqne
619 837 711 901 docet
733 836 811 899 haut
832 837 925 919 longe
949 837 1072 900 abstare
1094 841 1266 919 parentem.

331 959 365 1012 29
388 943 442 1005 ille
466 942 576 1006 alacris
599 941 722 1005 scandit
744 960 853 1005 currus
876 944 969 1021 atque
994 942 1107 1006 obuius
1131 942 1202 1020 erit,

386 1050 524 1129 optatam
548 1046 703 1128 excipiens
726 1046 796 1109 uiso
821 1046 961 1129 genitore
983 1047 1181 1130 phalangem.

261 1153 304 1217 47
351 1170 363 1221 1
388 1153 624 1235 regrediturque
648 1151 730 1215 citus
752 1151 898 1233 regisque
922 1152 1056 1216 excurrit
1077 1153 1115 1216 ad
1139 1154 1254 1229 aulam,

388 1261 529 1342 pastores
552 1276 716 1341 properare
739 1256 851 1333 ferens,
876 1261 913 1321 ut
935 1259 1027 1321 turba
1051 1278 1192 1324 carorum

167 1367 251 1429 1445
388 1364 532 1428 diseretis
556 1363 651 1446 degat
672 1362 806 1427 fecundo
829 1361 860 1425 in
884 1364 1023 1445 gramine
1046 1364 1148 1429 terris.

349 1487 364 1538 6
387 1470 455 1552 ipse
479 1469 574 1533 etiam
597 1468 664 1531 uati
685 1471 787 1531 rector
809 1467 1034 1550 Memphiticus
1056 1470 1155 1534 instet

331 1591 362 1644 11
388 1578 420 1638 et
441 1574 531 1638 iubet
553 1573 702 1637 uberibus
726 1573 837 1637 hatres
860 1592 1033 1656 conponere
1055 1575 1086 1637 in
1111 1576 1205 1640 araris.

350 1697 366 1749 7
389 1681 563 1762 longaeuus
586 1681 659 1760 post
680 1678 743 1742 ista
766 1698 859 1742 senex
880 1686 1029 1761 poscente
1052 1682 1182 1763 tyranno

121 1858 125 1865 ¹
351 1801 367 1854 9
392 1785 550 1866 eloquitur
572 1784 699 1856 sensim,
723 1784 848 1865 quantis
873 1785 915 1848 sit
936 1786 1096 1867 praeditus
1121 1787 1219 1864 annis,

168 1893 253 1956 1450
323 1907 360 1973 (4)
391 1909 469 1971 quae
493 1890 605 1954 domus
629 1892 662 1953 et
684 1908 763 1971 quae
787 1889 829 1953 sit
851 1889 996 1954 ueniendi
1020 1908 1114 1954 causa
1133 1889 1305 1974 Canopum.

332 2011 365 2064 1o
390 1994 598 2076 eximiumque
623 1994 733 2058 ducem
758 1996 860 2058 multa
882 2015 953 2091 cupi
976 1997 1070 2059 laude
1094 1996 1228 2060 decorat.

332 2116 365 2169 12
391 2118 448 2163 nec
470 2099 574 2163 minus
598 2099 717 2162 interea
739 2100 871 2183 Iosepus
895 2120 1025 2164 munera
1047 2102 1146 2164 mittit

391 2206 484 2288 digna
507 2205 573 2268 suis
596 2223 808 2287 magnumque
832 2206 905 2270 duci
928 2206 982 2269 dat
1003 2207 1082 2270 ferre
1104 2208 1270 2284 talentum,

334 2329 367 2380 14
391 2330 453 2393 quo
478 2310 577 2373 ditata
599 2309 661 2373 fuit
684 2309 844 2374 distractis
867 2311 1011 2394 frugibus
1034 2313 1115 2375 aula.

334 2432 367 2485 15
392 2419 485 2498 atque
508 2416 564 2479 ubi
586 2416 648 2479 iarn
672 2416 798 2498 populis
822 2417 931 2481 derant
952 2418 1163 2482 mercantibus
1187 2437 1267 2496 aera,

335 2538 368 2590 16
392 2522 535 2585 certatim
559 2521 703 2585 exhibitis
728 2521 876 2604 gregibus
900 2521 1105 2604 Memphitica
1126 2524 1218 2587 turba

390 2627 467 2690 emit
488 2627 579 2708 inops
602 2626 718 2709 fruges,
741 2626 877 2709 pretinm
900 2629 1023 2690 taxante
1047 2628 1168 2710 Iosepo.

337 2748 369 2801 19
392 2732 442 2795 his
466 2751 589 2813 quoque
613 2732 722 2795 nudati
745 2751 841 2814 seque
865 2735 897 2795 et
920 2751 977 2796 sua
999 2732 1126 2814 praedia
1147 2734 1284 2811 tradunt,

392 2837 510 2900 semine
533 2840 689 2919 percepto,
713 2857 833 2902 messes
857 2857 918 2919 quo
943 2838 1053 2902 deinde
1076 2839 1222 2905 uirerent.

171 2945 256 3007 1460
335 2958 369 3011 22
394 2943 462 3006 sola
485 2943 681 3007 sacerdotum
704 2962 764 3008 non
789 2945 838 3006 est
859 2945 1018 3025 possessio
1043 2945 1178 3027 dempta,

391 3047 460 3129 quis
484 3047 620 3129 gratuita
643 3048 715 3112 duci
736 3048 865 3130 placuit,
888 3068 949 3114 nen
972 3049 1106 3114 uendere
1128 3051 1218 3115 farra.

333 3168 369 3221 24
391 3152 509 3215 inditur
530 3152 603 3215 hinc
625 3153 742 3235 populo
766 3153 945 3234 quintarum
967 3153 1075 3236 pensio
1099 3154 1236 3238 frugum,

206 3411 274 3466 1436
302 3410 391 3480 patria
418 3410 576 3464 Marteeiua
624 3410 848 3464 moderamineG
929 3411 998 3465 1438
1026 3411 1124 3464 festino
1152 3415 1308 3484 properant]

168 3500 300 3555 festinant
317 3499 345 3550 A
439 3498 507 3551 1440
529 3498 598 3551 haut
615 3498 671 3551 AG
725 3498 830 3552 adstare
854 3499 1011 3553 Marteaiua
1101 3502 1168 3554 1441
1198 3501 1263 3555 exiit
1282 3501 1309 3556 G

170 3587 239 3642 1442
259 3585 381 3639 obtatum
395 3585 422 3637 A
458 3583 636 3654 falangemG
690 3586 758 3639 1443
772 3586 927 3654 Ingreditur
940 3587 967 3638 A
985 3586 1147 3656 Regreditur
1162 3587 1188 3641 G
1223 3588 1308 3658 regis·

170 3677 233 3749 que]
261 3691 312 3743 que
340 3690 390 3728 om.
409 3674 436 3724 A
522 3674 591 3726 1444
618 3690 731 3742 propera
758 3674 845 3727 ferens
867 3674 892 3727 G
979 3676 1047 3727 1446
1075 3675 1233 3729 memfitieus
1252 3675 1309 3730 Ao

171 3764 238 3816 1447
254 3778 401 3830 conponere
415 3763 443 3813 in
452 3762 480 3813 A
494 3765 655 3829 conponeret
671 3761 708 3822 (in
722 3763 783 3826 om.)
798 3760 824 3814 G
879 3761 948 3821 1448
961 3761 1092 3830 longeuus
1102 3761 1157 3814 AG
1194 3779 1269 3816 senes
1282 3762 1309 3817 0

171 3851 239 3904 1449
250 3847 439 3916 elonquiturA
490 3848 557 3901 1451
570 3846 662 3900 ducem
673 3846 1096 3901 MorteuiuadocemGdocetA
1147 3850 1215 3902 1455
1225 3848 1309 3902 nbiA

169 3934 250 3990 ibid
285 3934 380 3988 derant
396 3933 421 3987 G
440 3933 551 3987 deerant
564 3933 591 3984 A
676 3935 745 3986 1456
763 3934 908 3987 memfitica
921 3934 977 3987 AG
1045 3935 1114 3988 1457
1133 3936 1265 4004 praetium
1282 3935 1309 3990 0

171 4023 239 4078 1458
258 4022 367 4076 nudatis
386 4021 512 4090 aequeA
585 4023 653 4075 1459
672 4026 768 4090 pcepto
783 4022 810 4073 A
828 4022 1013 4091 praeceptoG
1055 4040 1143 4091 quop
1167 4023 1309 4092 quodAG

170 4112 238 4165 1461
259 4110 320 4164 duci
338 4109 451 4179 placuit]
469 4109 620 4178 duplicauit
633 4110 660 4161 A
696 4110 805 4162 uindere
823 4109 848 4162 G
