3006 4762
443 352 458 371 τ
523 337 686 392 Genesis
714 336 780 399 ano
816 336 880 400 aaa
1231 340 1272 403 39

140 532 226 594 1020
360 532 433 614 plus
453 530 585 611 species,
604 548 694 609 quam
716 529 779 591 tela
798 531 912 592 nocent
930 527 1155 592 famulantibus
1167 528 1271 593 armis.
1348 498 1359 516 ἱ

361 634 504 700 discretis
528 635 626 717 igitur
649 634 797 717 gregibus
821 634 897 697 haec
921 635 1021 715 prima
1043 635 1170 710 locauit,

361 760 440 822 quae
464 740 578 806 donata
601 741 661 804 sibi
685 740 831 823 dignetur
855 759 977 803 sumere
1001 741 1104 816 frater,

321 862 338 917 e
362 850 454 928 atque
479 847 574 910 simul
597 847 675 910 flexa
698 846 859 910 dominum
884 847 1004 910 ceruice
1028 846 1188 928 poposcit:

365 951 409 1028 „0
435 953 522 1027 deus,
546 952 680 1015 inmensi
704 971 775 1034 spes
800 955 831 1015 et
854 952 1031 1016 substantia
1052 953 1149 1035 regni,

145 1060 229 1124 1025
366 1059 419 1139 qui
443 1058 520 1122 deus
545 1078 578 1122 es
602 1077 724 1140 semper
747 1057 897 1141 genitoris
921 1058 1008 1121 solus
1033 1057 1156 1137 auique,

362 1165 452 1228 ouius
477 1164 514 1227 ab
540 1164 630 1227 exilio
653 1163 774 1226 faciunt
795 1182 846 1226 me
868 1164 956 1226 iussa
977 1163 1102 1237 reuerti,

361 1269 489 1353 grandia
512 1269 610 1333 ditato
633 1269 767 1351 largitus
791 1268 955 1332 commoda
979 1287 1070 1332 seruo

307 1391 340 1445 10
362 1375 486 1439 iussisti
508 1375 594 1438 lenta
615 1375 749 1438 fluuium
772 1374 984 1437 transmittere
1007 1374 1098 1456 uirga

361 1481 587 1560 Iordanemque
610 1482 702 1543 tuum
726 1479 838 1541 humili
862 1479 1073 1543 transmittere
1096 1498 1216 1561 gressu.

142 1589 228 1651 1030
365 1591 397 1650 et
420 1605 502 1650 nune
526 1585 664 1649 diuiduis
688 1586 787 1649 cernis
811 1604 861 1648 me
885 1585 998 1667 degere
1023 1585 1143 1661 eastris,

359 1696 397 1756 ut
418 1693 523 1756 uarios
549 1709 640 1755 casus
664 1691 789 1774 gemino
813 1690 983 1753 munimine
1006 1690 1115 1755 uitem.

304 1814 335 1868 11
362 1798 444 1879 eripe
467 1817 517 1860 me
541 1797 601 1873 his,
620 1797 749 1871 inuicte,
773 1797 865 1859 110111
890 1799 921 1859 01
944 1796 1065 1877 spicula
1087 1797 1191 1861 fratris

362 1903 493 1967 infracto
517 1903 659 1986 placidus
685 1921 778 1982 quam
802 1902 937 1982 primum
962 1902 1073 1966 decute
1097 1903 1187 1979 ferro,

360 2027 398 2072 ne
421 2009 547 2091 rapidus
573 2009 649 2072 duro
672 2007 764 2070 feriat
786 2027 856 2070 mea
878 2012 1006 2090 pectora
1028 2010 1121 2072 telo.“

141 2116 225 2177 1035
266 2130 347 2182 13-23
367 2134 439 2197 ergo
463 2115 518 2178 ubi
541 2113 708 2197 conposuit
731 2113 832 2177 socios
857 2132 1045 2194 somnosque
1068 2112 1191 2195 petiuit,

305 2236 340 2287 24
363 2221 536 2282 luctantem
560 2238 705 2300 superare
730 2220 823 2283 deum
847 2219 906 2282 sub
930 2222 1021 2282 nocte
1044 2219 1184 2292 laborat;

310 2341 343 2393 25
367 2324 481 2389 femine
505 2345 577 2388 nam
600 2344 707 2406 presso
733 2324 855 2406 stupuit
877 2343 948 2405 pars
973 2325 1110 2406 corporis
1133 2325 1198 2391 iila.

363 2449 496 2512 cumque
521 2431 573 2494 diu
597 2431 697 2493 uellet
719 2431 930 2493 membrorum
955 2430 1077 2493 soluere
1101 2450 1198 2494 nexus

361 2537 400 2611 is,
425 2537 478 2617 qui
502 2537 642 2619 pulsarat
665 2535 771 2599 ualido
797 2535 964 2598 certamine
987 2537 1104 2612 uatem,

306 2658 340 2710 26
363 2642 513 2724 praestita
536 2641 701 2705 dimissum
725 2640 870 2704 dominus
894 2643 967 2723 post
990 2641 1071 2704 dona
1093 2641 1224 2706 remisit.

310 2763 344 2816 11
367 2747 490 2811 nomine
514 2750 635 2810 mutato
659 2747 792 2811 Iacobus
817 2747 932 2809 desiuit
955 2765 1034 2817 esse,

362 2872 398 2918 ao
425 2853 613 2928 „Dominum
637 2860 783 2916 osmens“
812 2856 997 2916 cunctorum
1021 2852 1135 2916 dieitur
1158 2870 1219 2929 ore,

305 2975 339 3028 29
364 2978 459 3023 ausus
484 2958 676 3039 quinetiam
701 2957 818 3022 domini
842 2957 1020 3021 condiscere
1040 2957 1167 3034 nomen,

364 3085 426 3129 non
449 3065 562 3146 potuit,
588 3064 647 3127 1011
671 3063 755 3143 quod
778 3063 828 3126 ius
853 3066 902 3126 est
924 3082 1016 3127 nosse
1040 3062 1171 3126 tonanti.

305 3187 338 3239 30
361 3171 429 3253 ipse
452 3171 556 3234 locum
581 3170 707 3233 Domini
731 3170 889 3249 conpellat
911 3169 1035 3232 nomine
1059 3169 1130 3247 uisi,

364 3276 538 3358 contigerat
561 3275 650 3338 cuius
674 3274 825 3338 sublimes
850 3293 973 3338 cernere
997 3275 1118 3339 uultus.

307 3397 340 3452 31
366 3385 459 3462 atque
483 3381 538 3444 ubi
562 3399 595 3443 se
621 3380 765 3444 dominus
789 3380 882 3461 pulsa
904 3381 967 3442 iam
991 3384 1082 3444 nocte
1106 3381 1250 3459 remouit,

363 3487 521 3571 egreditur
544 3487 639 3569 longa
664 3488 846 3550 sustentans
872 3486 999 3568 cuspide
1024 3505 1161 3569 gressus.

177 3661 246 3716 1023
260 3659 395 3714 dominum
409 3660 476 3713 flexa
492 3660 516 3713 0
569 3659 637 3711 1024
651 3659 774 3727 inmensi]
792 3659 815 3713 0
868 3659 935 3711 1025
951 3675 978 3711 es
993 3661 1107 3729 semper]
1122 3675 1179 3711 esse
1193 3675 1241 3728 per
1258 3659 1281 3713 0

142 3750 249 3819 auique]
268 3749 397 3818 aeuiquae
420 3748 546 3815 Oauque
567 3746 593 3799 G
666 3746 734 3799 1020
752 3745 848 3799 humili
861 3747 887 3798 A
906 3747 967 3799 ilico
990 3746 1040 3800 OG
1085 3755 1178 3815 gressu
1197 3749 1280 3814 (leuas

39 3865 40 3868 ¹
141 3838 251 3906 0119010
269 3852 349 3902 super
366 3834 440 3901 u)0
493 3833 558 3886 1031
588 3834 682 3903 uitem]
711 3851 786 3886 casus
804 3835 830 3888 G
858 3835 1113 3900 (cocicmentatum
1140 3839 1172 3889 ut
1189 3837 1278 3890 uarios

143 3941 249 3978 caueam
269 3941 295 3993 g.
314 3940 348 3976 m.
368 3926 453 3989 casus)
492 3922 580 3975 1034
607 3924 726 3991 pectora]
754 3923 867 3992 pignora
896 3926 943 3988 (sc.
972 3929 1084 3975 arrotreua
1112 3940 1171 3976 cum
1198 3924 1277 3991 filisa)

141 4055 279 4108 Areuolm
343 4054 618 4124 mascemutinas
655 4020 965 4124 somn0“cs0mpn0so
1018 4054 1085 4107 1037
1100 4071 1207 4124 praesso
1222 4054 1278 4109 AG

141 4142 243 4211 pssoG
296 4142 364 4195 1040
378 4143 509 4211 praestita
524 4142 661 4195 dimissum
679 4142 729 4195 OG
742 4143 881 4210 praestitit
894 4141 1040 4195 admissum
1054 4143 1081 4194 A
1133 4143 1200 4196 1045
1215 4160 1277 4196 con·

141 4230 277 4299 pellat'1A
333 4231 400 4282 1047
421 4247 448 4282 se
468 4229 600 4297 dominus]
620 4229 666 4281 sed
685 4230 787 4282 nomG
