3006 4762
762 328 911 380 Incerti

380 524 576 604 supplicibus
600 522 764 605 facilisque
786 524 876 587 bonis
902 523 1047 587 cessabat
1071 523 1166 587 obire.

379 649 416 692 ne
440 649 557 693 uanum
582 632 706 693 caneret
729 649 856 693 cessura
879 649 954 711 pace
979 630 1143 694 minarum.

377 755 448 798 mor
471 736 547 819 fuga
570 735 756 800 eonsilium:
781 736 808 798 si
831 756 891 817 qua
917 739 966 799 est
988 739 1092 798 tamen
1114 735 1178 798 ista
1200 735 1336 798 facultas

266 845 299 901 ⁶..
377 841 495 906 euitare
520 843 612 906 deum
637 841 816 922 dominique
840 841 972 906 euadere
997 841 1146 916 dextram,

376 967 438 1028 qua
462 950 571 1012 subter
593 951 680 1011 totus
704 946 863 1029 trepidans
887 947 1087 1030 conpescitur
1110 946 1204 1011 orbis.

377 1055 516 1119 auretio
541 1059 599 1119 est.
625 1054 709 1136 quod
733 1052 799 1136 agit
821 1057 929 1118 sancto
955 1053 992 1116 de
1016 1053 1107 1117 corde
1130 1053 1326 1134 prophetes?

420 1160 535 1224 Litoris
558 1161 590 1223 in
613 1159 708 1224 labio.
732 1162 825 1240 portu
849 1160 1050 1233 celeberrima
1074 1159 1146 1233 fido,

373 1268 447 1330 urbs
472 1286 542 1331 oras
567 1266 700 1331 Cilicum
725 1269 833 1329 eontra
853 1265 972 1329 libatur
994 1266 1100 1348 Ioppe.

285 1376 298 1433 ἔ
372 1373 444 1436 inde
468 1373 566 1456 igitur
588 1372 702 1436 Tarsos
726 1391 876 1454 properus
899 1375 965 1435 rate
990 1371 1113 1436 scandit
1135 1372 1252 1436 Ionas:

372 1478 514 1543 eiusdem
537 1479 598 1542 fert
621 1481 690 1542 aeta
714 1477 810 1551 deus3
835 1497 891 1541 nee
916 1477 1049 1559 denique
1073 1478 1198 1552 mirum,

373 1585 399 1647 si
425 1585 586 1648 dominum
610 1585 641 1648 in
664 1584 756 1649 tenis
778 1583 903 1667 fugiens
926 1584 1048 1648 inuenit
1069 1583 1100 1647 in
1125 1584 1229 1649 undis.

372 1692 505 1772 paruula
529 1710 600 1754 nam
624 1690 729 1755 subito
753 1690 969 1754 maculauerat
990 1709 1060 1752 aera
1083 1691 1193 1763 nubes,

370 1797 660 1885 uellereflsulpureo
686 1796 723 1860 de
747 1795 866 1860 semine
890 1795 1016 1863 conseia
1038 1795 1136 1872 uenti,

290 1961 294 1965 ,
369 1903 586 1984 paulatimque
610 1903 724 1986 globus
747 1902 864 1985 pariter
887 1920 959 1965 cum
984 1903 1050 1966 sole
1075 1902 1216 1967 cohaesit

370 2009 599 2091 deceptumque
624 2009 706 2072 diem
730 2007 873 2092 caliginis
898 2007 1023 2091 agmine
1048 2008 1152 2072 elusit.

368 2117 403 2178 lit
428 2115 593 2197 speculum
617 2115 696 2179 caeli
719 2115 870 2198 pelagus·;
891 2114 981 2198 niger
1003 2115 1141 2178 ambitus
1164 2115 1265 2179 undas

369 2221 478 2287 inficit.
502 2221 533 2285 in
557 2222 702 2286 tenebras
725 2221 790 2284 mit
813 2221 921 2284 aether
945 2224 977 2284 et
999 2239 1083 2284 mare
1108 2223 1220 2305 surgit,

368 2327 559 2409 nequiquam
582 2327 703 2391 medios
727 2327 843 2391 fluctus
868 2327 943 2390 dum
967 2327 1076 2390 nubila
1097 2331 1241 2412 tangunt.

257 2438 300 2497 35
371 2434 469 2516 gloria
494 2437 661 2499 uentomm
685 2453 765 2515 quos
789 2432 891 2498 omnis
914 2433 1039 2496 turbine
1062 2434 1184 2497 miscet.

271 2695 302 2746 Π
324 2694 489 2763 subplicibus
511 2694 535 2743 Γ
577 2695 717 2763 facilisque
736 2693 815 2747 bonis
829 2695 855 2748 P
895 2695 1057 2765 facilemque
1076 2696 1141 2750 boni
1161 2697 1229 2765 l'Tp
1248 2698 1323 2752 obire
1338 2699 1382 2766 Pp

234 2783 306 2836 abire
329 2790 358 2835 ut
376 2785 432 2836 uid.
458 2784 477 2832 Γ
496 2784 619 2836 ultireT
655 2784 691 2850 18,
708 2800 801 2837 canere
822 2800 931 2838 caesura
952 2785 977 2834 Γ
1010 2785 1043 2838 20
1063 2785 1141 2838 derra
1160 2785 1185 2837 T
1229 2788 1261 2839 21
1279 2787 1384 2857 qualp

235 2888 287 2940 quo
309 2871 333 2920 Γ
360 2873 405 2941 qui
425 2873 449 2923 Τ
494 2871 587 2926 subter
614 2876 688 2926 totus
709 2871 736 2924 P
763 2889 843 2943 super
870 2876 945 2927 totus
959 2875 993 2942 p¹
1022 2877 1097 2928 totus
1125 2873 1219 2927 subter
1242 2874 1294 2928 ΓΤ
1320 2893 1382 2929 con·

233 2960 363 3030 pescitur]
390 2960 447 3012 1Τ
497 2961 646 3030 trepidans]
679 2960 831 3031 irepmdans
865 2964 900 3029 (m
934 2979 973 3015 aa
1004 2964 1032 3016 in
1056 2969 1155 3032 poatp
1184 2963 1330 3031 incertam)
1360 2967 1384 3017 Γ

234 3050 268 3101 22
287 3049 380 3116 ratip'
421 3049 510 3117 corde]
525 3065 634 3119 corpore
644 3051 677 3117 p¹
715 3049 1036 3120 propetestrophetas
1054 3050 1189 3104 LMr'lller
1244 3052 1277 3104 23
1292 3052 1345 3106 lide
1361 3051 1394 3105 Γ

233 3140 268 3192 24
293 3155 338 3190 ora
363 3139 483 3190 scilic-um
499 3138 526 3189 P
549 3156 594 3191 ora
618 3144 659 3191 est
683 3137 796 3192 Cilicum
807 3156 829 3206 p
854 3156 926 3193 oram
951 3144 992 3193 est
1017 3139 1045 3194 C.
1066 3158 1087 3194 c.
1110 3139 1228 3194 OBo-rtb
1278 3141 1384 3197 libatur

234 3228 265 3293 (e'.
287 3228 381 3280 lectitet·
409 3228 555 3296 intingitur
578 3245 595 3279 α
614 3227 763 3295 propheto)
792 3227 895 3296 Preger,
924 3228 1037 3282 libratur
1066 3229 1136 3283 libri.
1166 3248 1205 3282 ore
1227 3230 1381 3286 lustratur?

234 3317 352 3371 dictatur
384 3317 500 3370 cauere
547 3318 645 3387 ioppen
660 3317 704 3384 Pp
732 3319 811 3387 ioppe
832 3317 883 3370 ΓΤ
986 3320 1020 3371 25
1048 3318 1152 3372 tharsos
1182 3319 1205 3369 T
1231 3319 1380 3389 tharrosp¹

233 3407 339 3460 scandit
354 3406 380 3458 P
399 3407 554 3461 conscendit
563 3411 596 3474 pl
616 3407 703 3476 poscit
724 3407 775 3460 ΓΤ
791 3407 880 3460 tendit
907 3407 1022 3460 (cira-reb
1052 3407 1141 3476 pergit
1159 3408 1204 3459 recl
1221 3407 1284 3461 inde
1298 3409 1329 3460 ire
1343 3410 1381 3462 ire

235 3498 399 3549 revertendum
420 3502 506 3549 correct
519 3496 656 3549 LMclller
786 3498 819 3548 ab
844 3495 1015 3565 eiusdemque
1034 3497 1058 3547 Τ
1097 3499 1148 3547 l'ert
1173 3496 1317 3549 achadeus
1337 3498 1382 3566 Pp
1404 3501 1405 3504 ’

236 3629 263 3685 (i.
292 3630 353 3695 fieri
380 3631 492 3697 potitae·
522 3630 647 3683 seritacta
679 3628 813 3695 CBartlr)
850 3645 898 3698 per
930 3632 1027 3698 stagna
1056 3628 1099 3680 dei
1128 3628 1152 3678 Γ
1178 3633 1194 3696 p
1223 3596 1330 3698 signddl
1358 3631 1382 3682 Τ

235 3716 268 3768 28
288 3717 410 3786 paruulal
429 3735 513 3787 parua
527 3717 554 3769 Ρ
590 3734 649 3771 aerc
669 3717 704 3777 Γ
728 3717 807 3771 nubis
825 3718 850 3770 Τ
926 3718 959 3770 29
979 3717 1104 3787 sulpurea
1127 3715 1150 3766 Γ
1166 3716 1310 3785 sulphureo
1327 3718 1381 3771 ΡΤ

233 3804 351 3858 sulfureo
370 3825 392 3874 p
439 3807 544 3860 conscia
567 3805 594 3858 P
622 3806 726 3860 coustia
753 3805 806 3858 VT
833 3807 876 3872 (e're
893 3805 919 3858 Τ
944 3806 993 3858 uie
1022 3806 1072 3874 lepr'
1094 3810 1193 3873 potest)
1224 3807 1332 3860 conotia
1346 3810 1379 3874 pl

235 3892 339 3945 concita
356 3894 433 3946 leret
513 3893 548 3946 30
567 3893 733 3962 pallatimT
767 3892 863 3962 globus
887 3892 989 3962 pariter
1006 3893 1050 3960 Pp
1074 3891 1184 3960 globum
1203 3891 1309 3962 pariens
1330 3893 1381 3945 ΓΤ

233 3978 290 4031 sole
310 3981 439 4049 cohaesit]
459 3982 532 4034 sulec
552 3982 639 4034 haesit
661 3981 682 4032 Γ
737 3983 770 4034 34
789 3982 952 4052 nequiquam
967 3981 994 4032 P
1010 3981 1188 4050 nequicquam
1199 3999 1221 4048 p
1236 3998 1284 4034 nec
1304 3983 1378 4058 quic·

235 4085 313 4136 quam
332 4069 384 4122 ΓΤ
418 4070 520 4123 medios
535 4070 577 4138 Pp
596 4070 712 4123 medium
733 4075 774 4123 cst
793 4069 948 4123 l'mediuse
967 4070 992 4122 Τ
1026 4069 1112 4123 nibila
1136 4069 1160 4121 Γ
1198 4073 1316 4140 tangunt
1334 4070 1378 4138 Pp
1444 4115 1447 4121 ,

232 4155 324 4224 tangit
341 4156 366 4208 T
382 4160 442 4209 tant
463 4155 487 4206 V
591 4158 625 4211 35
645 4157 742 4226 gloria]
763 4158 830 4210 atria
850 4157 951 4213 Hortel
988 4158 1240 4227 proelio-miscent
1262 4158 1376 4212 CBurtlr

232 4242 502 4311 glomero-miscent
516 4243 651 4296 Lorium·
688 4245 773 4296 onmis
792 4246 815 4296 Ρ
831 4261 922 4298 omncs
942 4245 990 4297 ΓΤ
986 4266 1007 4312 p
