3006 4762
692 349 842 401 Hilarii

346 543 486 627 spiritus.
512 543 640 624 antiquo
663 543 776 606 uiuens
799 562 855 624 per
877 544 1004 607 saecula
1026 547 1125 607 motu.

345 669 470 732 semper
493 649 564 712 eris.
589 649 663 729 quia
686 666 810 730 semper
832 668 920 712 eras:
944 669 1005 713 non
1029 650 1140 713 mortis
1164 669 1292 732 egenus,

346 756 400 837 qui
424 755 536 818 natalis
559 754 651 836 inops
674 773 730 817 nec
754 754 849 817 finem
872 755 997 819 noueris
1021 756 1102 822 aeui.
1218 832 1225 849 ι

345 881 380 924 ex
404 880 437 925 se
460 859 648 942 principium
673 859 725 923 cui
748 859 890 943 contigit,
914 861 990 924 haut
1013 865 1119 927 manet
1142 863 1220 925 alter

235 1038 244 1046 .
346 970 505 1032 auctorem
529 985 640 1030 casus:
663 966 824 1039 nascentia
846 966 999 1031 terminus
1022 971 1125 1050 urget.

345 1075 449 1139 omnia
472 1094 544 1137 cum
566 1075 688 1156 tegeret
709 1073 833 1156 nigrum
858 1073 952 1137 chaos
976 1074 1100 1156 altaque
1124 1075 1224 1138 moles

345 1181 480 1263 desuper
501 1182 629 1262 urgeret
651 1178 793 1242 informis
817 1198 946 1261 corpora
969 1181 1078 1243 mundi

259 1292 272 1344 f
346 1292 379 1352 et
401 1285 550 1369 caliganti
573 1288 727 1367 premeret
750 1284 888 1349 scrotina
908 1289 1019 1350 morte.

344 1413 401 1458 nec
425 1391 546 1474 speeies
570 1409 628 1453 nec
651 1390 750 1454 sonna
773 1389 862 1464 foret,
887 1390 964 1454 deus
987 1392 1073 1455 intus
1097 1392 1212 1474 agebas

346 1499 528 1583 corporibus
552 1496 646 1560 tectis
669 1496 797 1571 mixtus,
820 1499 941 1560 secreta
964 1500 1116 1579 potestas.

343 1607 407 1670 iam
431 1609 500 1669 tum
525 1603 694 1685 disponens
718 1603 880 1666 nascentia
901 1603 1026 1667 moenia
1047 1603 1156 1667 mundi

345 1716 377 1777 et
399 1713 503 1776 uarias
526 1729 630 1774 rerum
653 1709 749 1773 facies
773 1709 954 1791 animasque
978 1710 1110 1773 futuras.

233 1861 240 1876 ,
345 1823 442 1901 utque
467 1816 671 1901 eaput·uicta
692 1816 876 1897 prompsisti
899 1817 1031 1900 caligine
1055 1817 1167 1882 noctis.

344 1925 513 1990 sublimem
537 1922 685 1985 attollens
708 1921 836 1984 uultum
860 1941 984 1985 sensere
1008 1922 1163 1986 tenebrae.

341 2051 412 2099 mox
437 2029 582 2095 domiuus
605 2047 708 2091 rerum
732 2046 859 2091 somnos
883 2028 1034 2092 discussit
1055 2028 1182 2103 inertes,

343 2136 493 2220 pigraque
516 2134 664 2196 materies
688 2131 859 2214 trepidauit
881 2133 1005 2198 nomine
1028 2134 1119 2215 pulsa

343 2244 561 2322 commotaque
585 2239 681 2303 simul
703 2241 826 2302 maturo
851 2240 976 2303 conscia
998 2244 1099 2322 partu.

253 2389 259 2405 .
341 2347 496 2412 scinditur
518 2345 656 2430 ingentis
681 2344 801 2408 orrmuli
823 2364 878 2426 per
900 2345 1035 2428 plurima
1058 2365 1170 2429 corpus

341 2455 493 2520 membra.
516 2453 666 2533 locosque
690 2450 786 2515 simul
809 2454 967 2515 metantur
990 2452 1110 2516 semina
1131 2454 1232 2533 iussu,

342 2564 373 2625 et
397 2561 527 2626 confusa
550 2559 647 2624 simul
670 2558 865 2622 descendunt
886 2559 1009 2623 uiscera
1031 2560 1134 2625 molis.

342 2672 491 2749 sectaque
513 2686 569 2749 per
590 2669 694 2748 partes
718 2665 834 2730 iorrnas
859 2666 1034 2747 spectantia
1056 2666 1170 2730 frustra
1194 2751 1196 2757 Ι

342 2774 405 2837 iam
427 2775 512 2837 cedor
533 2773 619 2835 intus
644 2771 701 2834 alit
724 2775 756 2834 et
777 2771 893 2836 blando
917 2771 1052 2836 suscitat
1072 2773 1148 2857 igni.

384 2880 430 2943 Ac
454 2880 588 2961 primum
614 2878 692 2942 caeli
714 2897 831 2960 pansus
855 2878 943 2953 liber,
968 2878 1072 2942 omnia
1094 2881 1203 2943 mundi

341 2986 543 3068 conplectens
568 2985 678 3066 spatia.
703 2984 787 3048 celso
811 2984 1015 3066 suspenditur
1038 2987 1129 3055 orbe:

340 3094 423 3155 terra
446 3091 551 3174 grauis
574 3090 663 3173 pigro
689 3089 851 3154 descendit
872 3091 1008 3173 pondere
1031 3092 1069 3155 ad
1093 3092 1191 3156 imum

340 3216 386 3273 ac,
411 3199 512 3261 semet
535 3196 643 3272 defixa,
668 3196 734 3261 salo
758 3196 889 3259 fundata
911 3197 1037 3263 resedit.

341 3305 426 3367 esset
448 3305 486 3365 ut
509 3303 645 3385 spatium
669 3321 788 3366 uacuae
811 3303 949 3386 regionis
973 3308 1126 3386 apertum.

243 3529 277 3584 20
296 3528 403 3582 nouerit
417 3528 461 3581 Bb
481 3543 549 3581 corr.
564 3544 590 3579 ur
689 3528 721 3580 21
744 3544 774 3580 ex
793 3530 862 3580 tem
897 3528 964 3582 haut
979 3529 1017 3580 B¹
1037 3529 1110 3582 lraud
1123 3530 1163 3582 13²
1269 3531 1303 3583 ⁴25
1323 3534 1352 3585 et

204 3622 328 3688 atquem
364 3620 556 3686 premerentur
628 3616 662 3670 28
681 3619 739 3669 tum
758 3615 902 3686 disponens
917 3618 944 3669 Β
962 3616 1074 3670 tumidis
1094 3635 1197 3687 ponens
1213 3618 1229 3671 d
1248 3618 1349 3672 tumidi

206 3724 307 3776 ponens
321 3724 348 3760 oe
439 3705 473 3759 30
501 3705 638 3776 promsisti
658 3705 684 3756 Β
712 3705 845 3774 prompsit
871 3705 929 3775 ipse
948 3722 975 3757 m
1002 3706 1135 3775 prompsit
1153 3709 1217 3773 (om.
1245 3701 1315 3776 ipse)
1330 3707 1354 3774 f

205 3796 240 3849 31
269 3795 395 3849 tenebras
411 3794 437 3846 B
466 3811 533 3849 corr.
552 3810 579 3846 m
669 3793 703 3846 33
731 3793 838 3847 nomine
868 3794 911 3847 bm
938 3793 1047 3847 numine
1065 3793 1093 3845 Β
1115 3793 1232 3848 momine
1255 3793 1349 3850 Weita.

206 3883 241 3935 34
259 3883 388 3953 Metaque
402 3884 430 3936 B
449 3900 515 3938 corr.
530 3900 557 3935 oe
575 3883 611 3936 Et
630 3887 762 3936 commota
770 3883 793 3950 f
825 3884 941 3951 maturo]
960 3885 1056 3935 natura
1070 3898 1096 3934 m
1160 3883 1288 3936 3010000
1304 3881 1348 3935 Bb

207 3985 274 4024 corr.
289 3987 316 4024 oe
392 3972 426 4025 37
446 3976 474 4025 et
493 3970 603 4024 confusa
622 3971 712 4040 simul]
732 3975 760 4025 et
778 3970 889 4024 confusa
908 3971 982 4041 prins
1005 3970 1098 4025 Weita.
1119 3974 1163 4040 (ex
1177 3971 1228 4040 bc)
1249 3975 1278 4026 et
1295 3973 1349 4026 iam

207 4085 333 4138 confusae
347 4101 374 4139 m
455 4083 489 4139 38
508 4051 605 4151 somnes
621 4085 647 4137 B
682 4085 769 4139 frusta
782 4102 808 4138 m
889 4085 924 4138 40
942 4101 1078 4155 passusne
1154 4086 1188 4139 41
1208 4086 1307 4156 conpl]
1322 4087 1349 4140 Β

204 4172 297 4241 spacio
312 4190 337 4226 m
405 4174 439 4227 43
459 4175 529 4227 scelo
544 4175 572 4226 Β
639 4175 674 4227 44
693 4177 817 4243 essetque
836 4178 867 4227 nt
880 4191 904 4226 en
943 4179 1035 4243 aperte
1049 4175 1093 4227 Bb
1113 4191 1180 4228 corr.
1194 4191 1220 4228 m
1239 4178 1349 4244 apertae

206 4259 350 4314 Oouslnul.
