3006 4762
622 326 871 390 Prooemium.
1302 327 1346 388 Xl

149 509 334 574 inscribitur
366 510 576 591 exemplare
611 530 722 591 super
753 530 887 576 uersus
923 520 1116 579 auctorum
1150 516 1202 597 (G.
1227 518 1349 582 Becker

149 638 181 700 p.
209 616 326 680 1761.
353 613 441 700 115).
476 635 557 697 quae
586 618 727 698 exempla
755 636 827 681 cum
857 620 984 701 septimi
1008 641 1107 704 nuper
1135 625 1347 689 11111111111

151 724 348 789 censuissem
381 723 412 785 in
446 740 584 803 prooem.
618 722 766 787 Auitiano
798 745 828 806 p.
859 725 1002 799 LXVIII.
1032 747 1067 790 ex
1094 729 1187 791 Pauli
1215 729 1347 793 Diaconi

150 830 381 910 Walafridique
406 829 568 893 Strabonis
592 830 770 904 uersiculis,
796 850 875 911 quos
899 832 971 895 inde
995 833 1078 897 Mico
1103 838 1267 899 mutuatus
1288 838 1346 909 est,

152 937 186 1000 L.
215 936 337 999 Traube
367 955 428 999 non
456 937 557 1000 multo
588 940 659 999 ante
687 955 714 998 a.
741 939 804 1000 825
835 939 976 1002 conlecta
1004 941 1084 1003 uidit
1114 939 1238 1024 (erein.
1263 943 1347 1007 Mus.

153 1044 240 1108 1889
263 1063 294 1124 p.
318 1041 408 1124 479),
424 1043 477 1123 qui
493 1042 578 1124 quod
602 1043 744 1106 conlecta
760 1044 940 1126 suspicatur
957 1046 989 1108 in
1006 1045 1191 1112 Germanico
1212 1048 1348 1129 quodam

150 1150 353 1222 monasterio,
373 1149 507 1212 fortasse
521 1147 683 1231 tugiensi,
699 1150 805 1214 nescio
825 1170 863 1214 an
882 1152 999 1215 rectius
1021 1152 1175 1217 Gallicam
1196 1154 1348 1236 originem

151 1256 199 1320 eis
216 1256 441 1331 adscribamus,
458 1274 552 1336 quam
568 1255 661 1318 etiam
678 1255 849 1319 Vaticanus
869 1256 949 1320 liber
961 1259 1075 1339 prodit.
1096 1278 1166 1321 nam
1185 1259 1215 1323 S.
1231 1260 1348 1322 Mariae

150 1361 440 1443 Forcalqueriensis
465 1362 540 1425 olim
564 1362 634 1425 fuit.
659 1362 741 1425 iuter
760 1363 895 1439 codices.
917 1365 1032 1445 quibus
1056 1367 1166 1429 auctor
1190 1370 1239 1429 est
1257 1385 1347 1438 usus,

151 1487 236 1532 unus
269 1468 396 1532 uidetur
427 1468 572 1533 Persium
606 1471 638 1531 et
673 1470 857 1533 quenalem
896 1489 968 1533 cum
1005 1471 1157 1535 Prisciani
1194 1472 1349 1554 periegesi

151 1576 339 1642 coniunctos
382 1577 548 1651 habuisse3
583 1596 618 1638 ex
648 1576 800 1659 Cypriano
828 1581 978 1659 quattuor
1005 1577 1100 1641 habet
1127 1578 1347 1662 1111111(199.

152 1683 415 1765 1911911196)
441 1702 477 1745 ex
499 1682 605 1746 Exodo
624 1682 762 1746 Numero
782 1684 854 1747 Iesu
874 1684 964 1747 Naue
984 1687 1146 1765 sumptos:
1171 1683 1346 1765 interposit'

152 1793 316 1855 11111111
341 1789 499 1853 uersiculi.
524 1808 657 1870 quorum
681 1810 763 1854 unus
795 1793 844 1854 111
871 1790 982 1853 incerti
1011 1789 1148 1854 auctoris
1178 1787 1256 1873 (192
1282 1809 1348 1852 111-

109 1935 111 1942 =
152 1899 267 1980 gentes
296 1896 402 1960 acinos
430 1895 535 1960 111111
565 1900 597 1959 11
623 1899 785 1977 praesecat
812 1894 916 1981 uuas),
951 1897 1030 1960 alter
1045 1894 1134 1981 (193)
1151 1895 1285 1979 hugonii
1314 1917 1349 1959 ex

151 2002 856 2087 1111111111210,11111111(194)Ρ111111;
886 2004 968 2066 unde
996 2003 1087 2066 facile
1117 2006 1166 2066 est
1195 2003 1350 2084 suspicari

152 2110 302 2193 Cypriani
334 2109 474 2174 codicem
506 2110 640 2174 similem
666 2113 843 2175 nostrorum
868 2109 1049 2174 adhibuisse
1074 2111 1283 2186 collectorem,
1317 2109 1349 2172 in

153 2236 219 2298 quo
244 2220 276 2280 et
299 2217 433 2300 Eugeuii
457 2220 490 2280 et
512 2218 645 2282 aliorum
669 2219 806 2282 carmina
829 2218 930 2280 multa
954 2220 1061 2280 essent
1084 2217 1259 2281 coniuncta.

247 2323 424 2387 Redeamus
448 2323 487 2386 ad
510 2324 677 2400 Miconem,
697 2325 751 2404 qui
775 2344 809 2387 ex
834 2327 982 2405 quattuor
1002 2322 1146 2404 Cypriani
1168 2323 1247 2386 locis
1272 2341 1350 2402 quos

155 2431 309 2512 Exempla
322 2431 521 2512 praebebant,
537 2434 600 2494 tres
614 2431 742 2512 recepit,
759 2450 795 2493 ex
807 2430 886 2512 ipsis
898 2429 1044 2511 Cypriani
1061 2429 1260 2506 carminibus,
1272 2448 1351 2511 quos

157 2537 286 2619 quidem
310 2538 491 2601 nouerimus
521 2538 671 2601 tredecim
691 2538 823 2620 selegit3
849 2539 942 2617 atque
959 2536 1005 2611 ita
1022 2535 1107 2610 facit,
1127 2535 1214 2597 utin
1236 2535 1352 2600 Genesi

156 2663 220 2708 non
247 2644 392 2726 Cypriani
415 2643 471 2707 sed
493 2643 667 2707 Binancii
692 2642 820 2706 Ouidii
836 2641 1015 2723 Prosperi
1031 2660 1144 2705 nomen
1164 2641 1308 2724 adponat.
1320 2641 1351 2703 11

158 2751 273 2814 ceteris
304 2749 468 2815 Alchimi
501 2749 628 2834 (excidit
659 2751 719 2814 hoc
751 2768 863 2814 nomen
896 2749 920 2811 ll
955 2746 1028 2832 29);
1062 2767 1160 2810 unum
1192 2750 1353 2829 praeterea

157 2876 287 2943 uersum
312 2858 426 2940 selegit
449 2877 484 2920 ex
504 2857 712 2922 Sodomorum
736 2857 871 2921 carmine
891 2875 984 2937 quem
1004 2847 1083 2920 Vir.
1109 2855 1142 2940 (1.
1163 2852 1351 2937 Virgiliauo)

159 2964 320 3031 adscribit.
345 2983 443 3027 unum
468 2984 504 3027 ex
526 2964 657 3040 Hilario,
692 2984 784 3045 quem
816 2962 929 3027 tribuit
960 2964 1141 3026 Alchimo.
1175 2960 1353 3024 haesitabat

156 3070 257 3153 igitur
283 3070 314 3132 11
342 3070 497 3151 prioribus
518 3070 634 3135 codicis
658 3070 708 3134 sui
725 3069 826 3147 libris,
846 3070 897 3133 cui
916 3070 1115 3134 adscriberet.
1140 3087 1211 3130 mox
1235 3066 1352 3129 Alcimi

160 3195 241 3252 esse,
266 3177 320 3257 qui
343 3177 427 3240 fama
450 3177 618 3259 superabat
642 3181 772 3252 ceteros.
799 3176 859 3240 sibi
877 3176 1036 3258 persuasit
1054 3195 1126 3240 cum
1145 3175 1256 3239 multis
1277 3190 1352 3236 suae

160 3283 273 3346 aetatis
299 3286 331 3346 et
352 3264 562 3366 posteriorum
584 3284 775 3355 hominibus,
802 3301 991 3364 quamquam
1015 3282 1047 3345 in
1067 3278 1353 3360 subscriptionibus

159 3389 360 3472 singulorum
383 3391 533 3453 librorum
559 3389 704 3472 Cypriani
727 3409 840 3454 nomen
863 3408 924 3452 non
948 3386 1192 3452 desiderabatur.

251 3522 313 3586 Sed
335 3526 458 3605 praeter
475 3524 533 3586 hos
552 3524 638 3588 locos
658 3523 841 3586 allidantur
861 3521 994 3595 Alcime,
1020 3520 1073 3602 qui
1096 3519 1127 3582 in
1151 3517 1218 3580 ueri
1237 3515 1354 3580 Alcimi

161 3630 351 3693 carminibus
385 3650 446 3694 uon
479 3629 690 3704 inueniuntur,
724 3630 938 3710 acceduntque
971 3628 1025 3690 alii
1058 3625 1194 3689 auctoris
1228 3622 1353 3687 nomine

161 3721 314 3814 carentes
340 3760 428 3822 quos,
454 3761 526 3805 cum
551 3741 682 3805 dubium
706 3758 767 3803 non
792 3737 834 3803 sit
857 3736 932 3817 quin
960 3734 998 3797 ad
1028 3733 1143 3797 ueteris
1171 3730 1352 3795 testament'

159 3847 258 3911 libros
291 3847 468 3929 pertineant
500 3848 695 3929 eundemque
729 3847 888 3908 auctorem
921 3845 953 3906 et
984 3858 1126 3904 sermone
1159 3838 1292 3920 prodant
1325 3840 1356 3900 et

160 3954 354 4036 prosodiaois
387 3954 572 4029 rationibus,
606 3954 697 4017 facile
730 3952 789 4015 tibi
822 3947 1010 4031 persuadeas
1040 3946 1185 4029 Cypriani
1217 3964 1287 4010 esse
1321 3964 1356 4008 cx

163 4060 334 4142 deperditis
361 4061 450 4125 libris
478 4062 553 4137 ulis,
585 4079 663 4143 quos
693 4061 725 4123 et
746 4055 961 4121 Laurissensis
987 4056 1020 4118 et
1042 4051 1259 4118 Cluniacensis
1283 4051 1357 4114 libri

161 4167 277 4231 titulus
296 4167 444 4233 nominat.
466 4167 548 4230 unde
574 4187 646 4231 cum
664 4165 836 4249 pleniorem
854 4153 953 4226 fuisse
974 4161 1066 4224 etiam
1085 4159 1220 4224 Miconis
1240 4158 1355 4222 librum

130 4302 133 4305 ·
163 4296 259 4358 quam
283 4278 506 4341 Laudunenses
531 4278 656 4339 nostros
680 4292 753 4337 cum
778 4267 1029 4351 Cantabrigiensi
1052 4268 1209 4347 appareat,
1234 4268 1358 4347 praeter
