3006 4762
717 365 868 419 Hilarii

353 577 432 642 quos
443 579 545 643 prece,
570 578 649 642 quos
674 559 768 624 dictis
793 560 928 638 monuit,
960 579 1040 641 quos
1065 561 1198 642 denique
1222 560 1325 625 factis.

355 684 412 730 nec
435 665 542 729 uidere
566 668 672 729 tamen
696 664 791 742 caeci,
815 683 888 729 cum
910 666 1017 729 lumen
1042 666 1167 731 adesset

353 791 409 855 per
430 771 565 855 populos
589 771 719 849 clarum,
742 770 836 836 factis
860 771 1019 836 celebrans
1043 773 1227 854 genitorem.

357 894 492 958 namque
514 875 638 940 iacebat
659 875 764 953 homo,
787 875 920 958 pallenti
941 877 1099 941 marcidus
1124 896 1186 956 ore,

358 982 410 1047 cui
431 982 532 1045 inerat
554 980 671 1045 morbis
695 999 808 1063 corpus
832 1000 984 1064 compage
1007 983 1148 1046 solutum

355 1085 557 1166 uiuentisquc
581 1083 701 1148 animae
726 1084 845 1148 dudum
867 1085 931 1148 iam
952 1090 1077 1151 mortua
1099 1087 1249 1153 membra.

358 1190 487 1275 ,Surge
511 1189 565 1267 ait,
590 1191 683 1271 atque
706 1189 755 1252 tui
776 1190 840 1254 iam
861 1190 938 1255 lecii
959 1191 1086 1256 baiulus
1110 1195 1207 1256 est0.“

355 1296 442 1361 exilii
465 1297 558 1375 atque
583 1294 685 1358 alacer
707 1294 845 1360 humeris
869 1296 958 1360 uehit
979 1297 1048 1379 ipse
1072 1297 1184 1362 cubile.

356 1420 428 1466 ecce
451 1402 634 1465 trahebaiur
657 1419 779 1480 caecus,
804 1420 897 1482 quem
919 1404 1039 1467 lumine
1062 1406 1161 1468 mater

356 1506 497 1571 ediderat
517 1505 660 1582 uicinum,
685 1507 860 1571 communic
882 1509 963 1572 lucis
988 1513 1142 1592 egentem,

358 1631 419 1677 non
443 1614 547 1676 totum
570 1614 689 1691 natum,
712 1612 822 1677 mundi
846 1613 919 1694 quia
940 1617 1029 1695 parte
1053 1616 1185 1680 carebat.

358 1720 396 1781 ut
418 1716 510 1795 uidit,
534 1716 702 1782 miseratus
726 1718 789 1781 aii:
816 1718 927 1794 „Hunc
951 1737 1075 1783 cernere
1097 1720 1213 1785 iussi!“

356 1822 498 1905 protinus
523 1822 561 1885 ad
586 1823 707 1886 caelum
732 1841 843 1887 caecus
867 1842 949 1887 noua
971 1824 1091 1888 lumina
1113 1825 1207 1889 tollii.

634 1928 651 1959 ἃ
936 1930 952 1961 ὕ

785 1979 802 2011 ὓ

316 2114 366 2169 108
384 2116 482 2169 March.
503 2118 527 2180 9,
546 2117 563 2169 6

312 2204 363 2257 110
378 2199 465 2257 lohe.

260 2374 310 2428 105
327 2375 407 2429 humo
430 2377 541 2432 Georr.
560 2397 577 2429 π
633 2378 684 2432 106
703 2377 789 2431 morbi
807 2397 824 2430 π
881 2377 932 2432 109
951 2396 1034 2449 marq.
1055 2377 1087 2432 de
1107 2395 1184 2433 caeco
1203 2382 1266 2432 nato
1288 2378 1314 2432 G
