3006 4762
503 261 691 331 Cypriani
719 263 1010 332 heptateucum

389 472 542 535 rumpere.
567 453 600 516 ni
624 453 769 517 deminus
792 456 908 518 laxaret
931 456 1058 519 uincula
1080 456 1225 539 linguae3

390 566 532 640 tempera
555 557 609 639 qui
631 568 749 621 reserat
771 560 884 624 surdis.
909 561 962 642 qui
985 561 1105 624 lumina
1128 560 1240 637 caecis,

390 664 616 744 uidentumque
640 665 739 726 aciem
763 665 817 746 qui
839 684 916 747 pura
939 666 1009 728 luce
1033 670 1163 731 serenat.

332 786 365 838 12
393 768 508 845 „Vade
532 769 585 843 ait,
610 772 642 832 el
663 770 756 851 plena
779 770 915 833 ccnfisus
939 771 1002 833 fare
1024 771 1171 852 loquella.

390 874 504 937 nubilis
528 874 651 955 el'cquic
676 893 832 956 sensuque
856 876 895 938 ad
918 877 1014 938 uerba
1035 875 1198 940 retunde.l

332 999 365 1049 13
389 981 444 1044 sed
468 981 542 1043 dum
556 999 658 1062 saepe
683 980 776 1043 deum
799 981 902 1062 poscit
924 982 1083 1062 aliumque
1106 985 1252 1062 precatur

331 1104 364 1155 14
389 1086 540 1150 substitui
563 1084 717 1166 subdique
741 1085 852 1166 (sibi).
876 1085 1038 1149 ccnmcuit
1058 1086 1089 1148 in
1112 1086 1190 1148 iram

388 1192 543 1272 insignem
567 1191 683 1273 pietate
707 1191 810 1255 deum.
835 1191 887 1272 qui
912 1191 1054 1256 concitus
1077 1191 1163 1254 infit:

396 1297 590 1373 „Germanus
614 1300 663 1360 est
686 1314 758 1360 ecce
781 1301 856 1360 tuus
879 1298 990 1360 limata
1011 1296 1165 1360 facundus

391 1423 444 1469 cra
467 1422 577 1485 gerens
600 1406 755 1483 nutusque
778 1401 866 1468 mihi.
889 1402 1000 1465 Leuita
1023 1405 1145 1466 creatus

390 1508 444 1572 ille
467 1507 562 1573 tribu.
587 1510 671 1570 certe
695 1527 789 1589 quem
813 1508 921 1571 dicunt
944 1507 1068 1572 nomine
1090 1508 1257 1572 Amnem·

336 1629 370 1682 18
437 1613 529 1676 ilicet
551 1612 692 1676 abscedit
714 1617 805 1678 nates
829 1632 998 1694 soceroque
1021 1613 1137 1677 fatetur

392 1736 461 1780 sese
485 1736 684 1780 reuersurum
709 1717 881 1799 fratresque
904 1718 1040 1782 inuisere
1063 1718 1146 1782 uelle

387 1823 504 1886 Iudaea
527 1822 564 1886 de
588 1828 681 1905 gente
701 1828 796 1888 setes.
822 1824 874 1886 hic
896 1824 1035 1888 flectitur
1056 1824 1111 1889 ille

388 1933 421 1993 et
443 1930 532 1992 salua
553 1929 670 2011 pietate
691 1923 781 1993 iubet
804 1930 961 1993 discedere
984 1931 1112 1994 laetum.

332 2048 367 2102 20
389 2034 443 2096 ille
467 2033 578 2096 alacris
602 2053 709 2097 secum
733 2034 814 2097 natis
838 2039 870 2097 et
893 2035 1025 2116 coniuge
1050 2038 1175 2117 sumpta

391 2139 573 2202 mandatum
596 2140 754 2221 praecepit
777 2140 852 2214 iter3
876 2139 1042 2221 fessusque
1066 2141 1179 2204 niandc

331 2261 366 2314 24
390 2246 464 2309 dum
488 2247 609 2310 resonet
631 2247 725 2318 uires,
750 2246 854 2329 gelida
877 2245 1006 2310 declinis
1030 2246 1061 2309 in
1085 2247 1205 2311 umbra.

389 2351 519 2439 angelus
543 2369 614 2414 ecce
638 2351 726 2414 irenil
749 2349 867 2415 demini
891 2362 1086 2432 mortemque
1108 2350 1255 2415 minatur.

332 2470 366 2524 25
391 2455 529 2538 Sephcra
551 2456 605 2520 sed
630 2457 749 2519 silicem
776 2456 819 2536 diq
829 2455 883 2520 itis
906 2455 1036 2519 rimatur
1058 2457 1182 2519 acutam

389 2559 649 2641 praeputiumque
676 2562 762 2623 secat
783 2558 883 2622 teneri
904 2578 975 2622 mcx
999 2559 1108 2622 sedula
1130 2558 1213 2634 nati3

391 2683 524 2745 cumque
547 2664 641 2745 pedes
666 2682 768 2728 ceram
792 2662 891 2727 saneti
914 2682 948 2727 se
970 2682 1067 2745 pruna
1089 2663 1246 2729 dedisset:

396 2769 551 2844 „Sistatur
575 2788 665 2833 cruor
687 2769 757 2844 iste,
782 2769 875 2843 canit,
899 2768 937 2832 de
960 2770 1089 2833 uulnere
1113 2769 1231 2851 parui.“

213 2883 218 2898 ·
331 2889 366 2943 ae
390 2874 480 2937 cuius
505 2873 543 2936 ad
567 2873 726 2954 eloquium
751 2876 877 2936 sanetus
901 2873 1047 2937 decessit
1070 2873 1108 2936 ad
1131 2877 1224 2938 astra

334 2994 367 3046 27
391 2978 515 3059 iamque
539 2977 642 3059 inopis
665 2976 783 3039 heremi
806 2980 896 3041 uates
920 2977 1061 3041 calcabat
1082 2977 1223 3053 harenas,

391 3103 462 3147 cum
487 3083 592 3147 subite
615 3083 745 3165 impende
770 3083 887 3147 domini
910 3083 1086 3148 mandantis
1109 3083 1233 3150 Arcam

392 3193 548 3254 sacratum
572 3189 610 3252 ad
631 3192 771 3253 mentem
793 3189 927 3253 fraterne
951 3189 1087 3253 occurrit
1107 3189 1218 3255 honeri

390 3294 608 3376 coniunctique
632 3294 727 3358 simul
750 3295 923 3377 gaudentes
948 3295 1034 3358 basia
1056 3296 1175 3378 figunt;

190 3400 253 3463 235
331 3414 365 3468 28
388 3400 585 3479 alternasque
609 3397 699 3460 iuuat
720 3401 842 3461 mentes
866 3417 1008 3462 sermone
1031 3398 1157 3480 sequaci

389 3501 523 3585 pandere
548 3519 702 3582 quemque
726 3500 795 3577 sibi,
820 3520 899 3582 quae
923 3502 987 3566 sint
1008 3502 1150 3566 facienda
1168 3503 1221 3567 uel
1244 3509 1326 3573 acta

229 3675 280 3728 208
309 3674 393 3727 sordis
408 3675 434 3725 A
511 3673 563 3725 209
592 3672 815 3741 uidentumquep
843 3690 894 3741 que
922 3690 972 3727 cm.
987 3674 1014 3725 A
1060 3674 1143 3727 aciem
1162 3675 1209 3744 qui
1226 3693 1328 3748 purap

191 3762 246 3813 acie
259 3801 335 3814 .....
346 3777 413 3830 pura
441 3760 582 3821 (librarius
595 3777 648 3828 pro
667 3777 681 3813 e
701 3761 792 3813 littera
819 3777 900 3828 quam
924 3763 1005 3830 leyere
1021 3777 1078 3816 uon
1091 3768 1183 3829 posset
1201 3765 1329 3820 arealem

189 3849 287 3915 liceant,
307 3853 393 3901 cetera
412 3864 481 3915 quae
495 3854 580 3902 esseut
593 3848 708 3902 obscure
721 3849 811 3916 spatio
825 3865 914 3902 uaccae
927 3850 1106 3918 ee'qrzificauit)
1121 3850 1149 3901 A
1202 3850 1254 3904 213
1273 3851 1328 3907 sibi

192 3936 256 3989 redd.
275 3951 305 4002 p,
335 3950 385 3989 em.
404 3935 431 3986 A
486 3934 578 3988 ducem
607 3936 671 3989 add.
691 3955 708 3987 π
785 3936 836 3988 215
865 3936 949 3990 dextr.
977 3937 1003 3988 2<
1020 3937 1048 3988 A
1129 3937 1180 3990 218
1207 3938 1280 3992 uatis
1298 3941 1328 3994 A

191 4047 244 4101 eeu
263 4048 328 4101 satis
342 4048 370 4099 a
389 4064 455 4103 cm.
466 4065 488 4117 p
543 4049 593 4102 aaa
613 4050 684 4102 essu
699 4051 736 4102 A¹
756 4015 881 4103 fessu⁸A²
934 4051 985 4102 226
1005 4049 1132 4103 sesoraa
1186 4051 1237 4104 aar
1252 4055 1329 4107 seue

190 4136 293 4191 22221Ι
311 4135 400 4190 ea.A²
453 4135 504 4189 231
523 4136 616 4205 inopes
635 4137 738 4206 Meyer
773 4138 882 4191 uetieA
919 4154 1011 4191 arenas
1025 4138 1052 4189 A
