3006 4762
569 337 610 390 do
638 338 890 392 iiuchabacis

293 532 431 595 cratibus
455 532 621 614 impositos
646 533 799 598 subiectis
823 553 912 597 urere
936 534 1072 598 tiarnnris

181 638 195 692 ἴ
292 640 398 700 cernat
420 641 457 701 ut
480 638 549 719 ipsa
572 657 658 715 3003,
683 639 728 703 310
752 644 858 703 cernat
881 659 990 722 aspera
1011 643 1102 704 natos

291 763 393 824 poena
416 748 470 807 aut
494 764 587 826 quem
611 749 744 820 maneat,
770 747 888 810 celeres
914 746 1004 809 decet
1028 765 1096 810 esse
1120 746 1290 810 ministros.

336 851 460 915 Interea
483 851 638 915 foecunda
661 871 772 934 parens
796 853 859 916 iam
884 853 968 916 crine
994 853 1099 917 soluta

294 957 397 1020 astitit
420 958 558 1021 hortanti
582 958 705 1025 similis.
729 959 790 1021 iam
815 961 942 1041 pectore
966 959 1049 1022 nudo

291 1064 388 1126 ubera
410 1064 611 1145 protendens,
636 1068 781 1129 natorum
805 1065 955 1128 alimenta
979 1084 1127 1129 suorum:

183 1172 195 1221 ἴ
207 1172 219 1222 Γ
295 1189 356 1233 non
381 1170 512 1234 0001030
537 1171 636 1235 stetit.
661 1175 833 1251 natumque
857 1174 893 1234 ut
916 1170 999 1234 uidit
1021 1171 1060 1233 ad
1083 1171 1173 1253 ignes

294 1275 494 1339 inconstante
517 1278 616 1360 gradu
640 1277 788 1340 timidum
812 1277 991 1359 procedere,
1016 1276 1111 1340 dixit:

294 1387 328 1444 tu
352 1402 422 1446 mea
446 1385 622 1466 progenies,
647 1388 682 1448 tu
706 1385 815 1467 prima,
840 1384 961 1466 respice
984 1387 1127 1459 matrem,

294 1493 327 1551 tu
354 1508 436 1552 nune
461 1492 544 1553 certe
567 1509 668 1565 meus,
692 1509 743 1554 rue
766 1490 829 1553 iam
852 1495 888 1552 tu
912 1494 984 1554 nate
1008 1493 1175 1554 memento.

293 1598 325 1657 te
349 1594 487 1676 primum
511 1595 627 1677 peperi,
652 1598 687 1657 10
711 1614 794 1659 nunc
817 1596 940 1659 imitare
964 1599 1135 1678 parentem,

294 1720 384 1765 sume
408 1720 495 1765 meos
520 1720 633 1766 mores.
659 1705 691 1765 et
712 1721 819 1785 regem
843 1703 935 1766 uince
958 1703 1091 1767 tacendo

293 1812 328 1869 tu
351 1809 469 1890 poteris
495 1809 605 1871 durare
631 1809 702 1872 diu:
728 1810 773 1873 310
796 1813 937 1892 tempora
959 1809 1069 1873 uinces

292 1915 421 1996 perfida.
447 1935 485 1978 ne
510 1918 636 1997 superet
660 1919 785 1980 sanctos
809 1916 961 1980 uiolentia
984 1915 1090 1999 Regis.

294 2024 382 2084 utere
407 2022 549 2097 00031110,
573 2022 670 2104 Regis
694 2042 732 2085 ne
757 2022 869 2085 damna
892 2023 1013 2099 timete,

291 2127 403 2192 fortior
427 2128 558 2192 0311310
583 2147 719 2209 saxoque
742 2129 902 2211 potentior
924 2129 1012 2210 ipso:

193 2238 217 2287 ’ἴ
292 2233 455 2315 ingredere
479 2237 516 2297 01
538 2219 674 2309 iuuenis,
698 2234 854 2316 patienter
876 2235 968 2298 uince
992 2234 1142 2299 dolorem.

335 2340 392 2402 ille
417 2340 510 2403 modo
535 2340 574 2403 ad
597 2344 729 2403 matrem
752 2340 874 2417 uultus,
897 2340 992 2405 modo
1015 2340 1102 2404 101111
1122 2341 1154 2403 in
1179 2340 1288 2417 altum,

293 2445 429 2527 dumque
453 2450 549 2523 tacet,
573 2447 752 2528 tacitusque
775 2450 867 2530 rogat
889 2466 982 2527 quem
1007 2446 1110 2523 debet,
1136 2449 1167 2510 et
1190 2449 1267 2522 orat,

292 2573 352 2615 non
377 2553 477 2617 sensit
499 2553 625 2636 rapidos
651 2553 811 2617 subiectos
836 2553 973 2616 cratibus
997 2553 1097 2636 ignes,

291 2678 403 2741 cerpus
428 2660 519 2723 inane
543 2660 614 2723 fuit.
639 2663 740 2722 mater
763 2660 874 2742 ganisa
898 2660 1006 2723 dolore
1030 2663 1088 2729 031,
1188 2719 1189 2722 ,

180 2766 196 2777 “
291 2768 323 2827 01
346 2765 441 2827 dixit:
467 2765 547 2837 Vici,
572 2767 698 2830 uincam
723 2766 750 2829 si
774 2767 900 2848 saepius
925 2785 1021 2841 orem,

291 2870 383 2934 duret
406 2875 553 2936 natorum
576 2873 679 2936 uirtus
703 2873 865 2956 incognita
888 2873 979 2956 Regi,

290 2977 345 3040 sed
368 2977 431 3039 iam
454 2981 529 3041 nota
553 2977 621 3053 deo,
645 2978 756 3061 populi
779 2979 832 3059 qui
855 2981 983 3061 pectora
1005 2978 1105 3041 nouit.

334 3083 474 3146 Finierat
496 3084 589 3166 primi
612 3088 722 3166 partus
745 3084 900 3150 foecunda
923 3085 1074 3161 dolorem,

290 3191 345 3254 sed
368 3194 549 3254 remanente
573 3194 662 3255 rnetu
684 3211 740 3275 pro
764 3192 908 3274 pluribus
932 3191 1021 3254 auxia
1043 3194 1153 3266 mater,

178 3298 213 3350 'a'
288 3297 532 3377 dissimulatque
554 3301 671 3363 tamen.
696 3318 734 3361 ne
757 3299 877 3381 Regem
901 3297 1016 3382 gaudia
1038 3301 1180 3382 tangant.
1232 3337 1241 3351 s

288 3423 340 3466 rex
365 3406 474 3485 stupet
496 3403 683 3479 Antiochus,
708 3423 766 3467 nec
790 3404 889 3468 credit
912 3424 1006 3487 posse
1031 3407 1198 3486 sequentes

190 3525 474 3593 bdcernatutaspera
529 3524 563 3577 52
578 3525 667 3578 301010
724 3526 883 3594 55inigues
939 3525 973 3578 57
987 3525 1089 3595 primus
1139 3528 1300 3597 58meiam]
1342 3570 1343 3573 ,

151 3613 245 3664 matris
301 3613 332 3664 61
349 3611 389 3680 tu]
404 3616 467 3702 tum

187 3738 221 3790 49
241 3734 369 3790 Gratibus
406 3737 538 3805 inpositos
558 3736 693 3790 subiectos
749 3737 783 3790 50
801 3737 874 3806 ipsas
892 3754 941 3789 003
957 3737 995 3790 310
1010 3754 1104 3807 aspera
1120 3741 1222 3805 (cernat
1236 3745 1302 3806 post

152 3823 190 3876 310
209 3824 270 3893 om.)
362 3826 394 3877 61
414 3825 470 3878 Poe
490 3829 618 3894 autquem
636 3829 728 3878 manet
819 3826 853 3879 53
873 3825 970 3879 Stabat
989 3830 1017 3879 et
1035 3827 1157 3880 hortanti
1191 3832 1299 3897 pectore

151 3913 185 3965 55
204 3913 299 3981 ignes:
320 3931 333 3966 0
353 3915 413 3967 cai
491 3915 524 3966 57
543 3913 628 3983 prima
646 3931 688 3967 me
707 3932 727 3967 r.
747 3917 832 3967 matre
910 3915 944 3967 58
963 3931 1033 3968 nunc
1052 3931 1102 3968 om.
1139 3932 1182 3969 me
1200 3916 1254 3968 iam
1268 3919 1299 3969 tu

150 4000 187 4070 n]
207 4006 307 4054 nuncet
319 4019 362 4055 me
376 4020 402 4056 n.
459 4002 493 4056 60
511 4001 594 4071 meos]
613 4003 694 4056 metis
750 4004 782 4055 61
803 4003 887 4056 uineis
943 4002 977 4056 62
996 4020 1076 4072 super
1095 4007 1122 4057 01
1182 4005 1299 4058 630011-

151 4089 242 4142 silium
279 4090 395 4161 dampna
412 4092 509 4145 timeto
569 4092 604 4144 64
624 4095 665 4145 031
682 4091 746 4160 isto]
767 4108 795 4145 es
815 4095 885 4145 00110
941 4092 975 4144 65
993 4092 1105 4146 iuuenes
1178 4092 1211 4146 67
1230 4093 1299 4146 tacit

152 4179 241 4248 quem]
262 4196 314 4248 que
387 4181 421 4234 68
441 4179 587 4249 subiectos]
608 4179 703 4234 subtus
723 4179 844 4248 gratibus
905 4181 936 4232 71
958 4182 1035 4250 regui
1086 4181 1119 4234 72
1138 4185 1229 4234 nostra
1249 4180 1298 4234 deo

152 4268 185 4319 76
207 4267 297 4321 credat
329 4286 443 4338 sequens

205 4366 289 4405 xxm.
305 4367 373 4415 cypr.
388 4372 447 4415 poet.
1089 4373 1121 4425 17
