3006 4762
716 363 844 416 Hilari

361 562 465 639 teque.
490 563 587 641 pater.
611 559 706 620 uariis
730 564 852 622 arenant
874 558 1045 622 terroribus
1069 558 1163 620 ultro.

409 665 489 728 'lum
513 665 648 747 primunr
672 665 760 728 uenti
784 683 913 747 coepere
935 665 1115 728 incumbere
1137 663 1239 728 terris.

357 772 602 855 intempestiuus
626 771 815 836 descendere
838 771 976 835 nubibus
1000 771 1116 834 imber:

356 878 489 941 fulmine
512 882 581 941 tum
604 879 741 961 primum
766 880 852 942 caelo
877 878 999 942 deiecta
1023 896 1143 941 sereno.

355 983 479 1048 horrida
503 988 572 1047 tum
595 984 713 1068 grando
737 985 880 1048 turbatos
906 985 1050 1048 uerberat
1072 1002 1175 1066 agros

357 1091 498 1154 tonitrua
521 1092 655 1155 altisono
679 1092 832 1156 infractus
855 1094 1032 1154 murmurat
1054 1091 1171 1155 aether.
1241 1161 1243 1165 y

254 1200 262 1204 ”
360 1217 417 1261 nec
440 1202 546 1262 tamen
569 1198 631 1263 ista
653 1201 754 1263 malos
777 1203 945 1263 reuocant:
969 1198 1055 1262 furor
1076 1196 1194 1279 impius
1218 1198 1325 1260 orbem

363 1304 488 1368 obsidet
511 1308 543 1368 et
562 1305 642 1370 laxis
664 1306 766 1370 rabies
791 1305 929 1369 defertur
952 1303 1092 1367 habenis.

361 1410 445 1473 bella
467 1411 593 1492 placent
616 1410 790 1492 caedesque
814 1411 919 1479 simul.
943 1411 1087 1493 periuria.
1111 1409 1246 1473 fraudes.

360 1517 548 1598 mentirique
571 1517 658 1580 libet.
682 1536 789 1599 repere
813 1519 862 1581 est
885 1536 980 1582 amor.
1006 1517 1118 1580 abdere
1140 1516 1242 1581 furta:

362 1623 448 1685 nulla
472 1623 550 1686 fides
574 1624 710 1706 populis.
737 1623 825 1686 nulla
848 1625 898 1686 est
920 1622 982 1685 iam
1005 1621 1124 1686 ueritas
1147 1640 1292 1702 usquam.

404 1729 535 1792 Diluuio
559 1729 698 1793 abluitur
719 1732 873 1793 terrarum
897 1729 1013 1793 crimen
1037 1733 1069 1792 et
1091 1728 1194 1803 undio,

360 1835 472 1915 uirque
496 1855 577 1898 unus
601 1834 719 1899 residet
741 1835 864 1918 generis
887 1833 1059 1916 populique
1082 1835 1225 1898 refector.

360 1945 453 2022 atque
477 1960 569 2007 unus.
593 1942 686 2005 multi
709 1961 879 2024 perquem
904 1942 976 2004 data
998 1943 1069 2005 luce
1092 1940 1209 2015 renati3

360 2067 431 2111 arce
453 2048 534 2131 tegit
556 2067 684 2130 paucos.
709 2050 882 2113 castrorum
906 2048 1027 2111 semina
1049 2067 1188 2112 semem.

359 2154 421 2217 iarn
445 2157 514 2217 tum
537 2155 664 2218 uenturi
686 2155 782 2219 facies
806 2158 980 2219 monstrata
1001 2155 1130 2219 lauacri.

359 2263 524 2342 susceptos
548 2261 610 2326 fido
634 2280 764 2325 seruans
789 2260 922 2325 ecclesia
944 2264 1046 2343 partu,

403 2370 574 2449 Postquam
599 2369 711 2433 diluuii
735 2368 849 2432 cecidit
870 2370 985 2444 tumor,
1009 2367 1092 2438 unda
1114 2366 1241 2441 resedit,

360 2476 425 2538 eles
449 2475 602 2557 paciferae
626 2477 738 2542 folium
760 2474 900 2558 portauit
923 2475 1036 2540 oliuae.

360 2577 421 2643 iani
446 2581 539 2645 siccis
562 2583 707 2646 reuelans
730 2581 842 2664 pinnis,
857 2580 944 2644 dedit
967 2581 1070 2645 omina
1092 2581 1190 2663 pacis.

404 2687 484 2749 Tum
508 2689 645 2769 populus
669 2692 772 2770 surgit
793 2688 913 2763 melior,
936 2690 1005 2750 tum
1027 2687 1134 2769 purior·
1155 2687 1248 2752 undis

275 2797 287 2826 ⁷
360 2813 436 2876 gens
460 2793 633 2858 hominum.
657 2813 788 2876 magnos
811 2793 902 2858 terris
925 2794 1064 2875 paritura
1086 2797 1226 2877 nepotes

359 2900 430 2963 inde
454 2899 625 2963 sacerdotis
648 2899 679 2962 in
704 2901 825 2964 caelum
851 2899 957 2963 dedita
980 2901 1082 2965 corda.

263 3147 313 3198 174
332 3150 452 3198 armante
475 3143 597 3213 proribus
617 3143 687 3196 ultro
701 3144 756 3195 AB
775 3160 874 3212 corrup
893 3150 998 3196 armant
1016 3146 1108 3197 celeris
1125 3146 1231 3199 orerissa'o
1249 3145 1265 3198 b
1283 3163 1318 3211 m,
1336 3147 1368 3198 in

230 3235 367 3288 Victorino
389 3250 438 3287 sec,
457 3249 491 3286 or.
517 3232 551 3286 ad
574 3233 686 3286 fulmina
709 3233 787 3286 factis
807 3233 948 3297 adsuetum
972 3238 1076 3287 armant
1103 3234 1196 3303 punire
1224 3233 1331 3303 periclis
1348 3235 1372 3301 f

228 3324 278 3376 175
296 3322 373 3376 uenti
391 3338 501 3391 coepere
508 3338 530 3389 p
550 3321 625 3375 uenit
644 3339 723 3391 opere
733 3321 805 3374 ABb
824 3323 945 3375 uenienti
964 3338 1095 3390 operesor
1108 3322 1181 3376 mala
1195 3326 1340 3391 coeperunt
1348 3323 1372 3388 s

227 3412 278 3465 176
305 3410 465 3465 descendere
487 3410 559 3463 ABb
587 3409 727 3464 descendit
749 3429 775 3463 ne
812 3408 891 3464 nubis
914 3411 941 3462 Β
977 3410 1072 3480 ymber
1093 3411 1148 3462 AB
1252 3412 1303 3464 179
1331 3411 1368 3465 Et.

224 3500 345 3553 tonitrua
360 3501 415 3552 AB
442 3501 478 3554 ut
506 3501 609 3554 tonitru
623 3517 649 3552 rn
676 3500 712 3553 Et
740 3501 828 3569 detq)
864 3501 1059 3553 contractusve
1151 3499 1201 3554 180
1230 3499 1293 3553 orbe
1311 3501 1367 3552 AB

226 3615 275 3668 rer
292 3615 461 3670 obsianae
516 3616 568 3669 182
583 3615 660 3670 cedes
674 3615 730 3667 AB
765 3614 909 3683 emuna
965 3614 1016 3668 184
1035 3582 1368 3685 umquameulquame

224 3721 337 3773 nsquam
360 3723 386 3758 oe
432 3706 507 3758 nulle
535 3709 576 3759 est
602 3705 755 3759 reuerentia
783 3705 840 3758 ueri
858 3707 880 3773 f
992 3704 1041 3757 186
1070 3705 1165 3774 uirque
1194 3708 1222 3758 et
1248 3721 1317 3758 nnus
1340 3705 1368 3756 Β

226 3792 277 3845 189
298 3799 362 3845 arete
382 3793 431 3846 187
452 3798 479 3847 et
500 3793 550 3847 188
565 3796 680 3863 posuip
778 3794 828 3847 189
847 3793 933 3863 adque
948 3793 975 3844 Β
1011 3793 1123 3860 multip
1142 3810 1202 3846 cam
1223 3792 1368 3848 OBartuio

225 3879 317 3932 multis
333 3881 388 3933 AB
397 3898 423 3934 m
481 3883 531 3936 188
550 3882 603 3937 iam
622 3883 873 3952 tum]ia1niamm
927 3882 979 3935 190
995 3883 1174 3951 susceptosA
1189 3882 1369 3951 susceptorB

226 3992 278 4045 fido
294 3993 321 4045 Β
349 3996 457 4050 fidosA
494 3963 641 4052 eclesiaB
678 3998 726 4053 sed
754 4001 845 4067 septos
874 4013 984 4050 seruans
1014 3996 1126 4049 ecclesie
1153 3997 1293 4066 partimm
1320 3997 1368 4050 sed

226 4085 317 4150 septos
346 4101 455 4138 seruans
484 4088 596 4141 ecelesia
624 4105 707 4157 perna
736 4090 844 4140 tenetur
852 4090 875 4154 f
963 4086 1011 4139 191
1042 4084 1124 4153 unda]
1148 4091 1176 4138 et-
1199 4084 1271 4138 nnda
1288 4086 1316 4138 A
1340 4091 1369 4139 et

226 4162 338 4261 unde⁸B
446 4201 497 4253 192
517 4201 567 4254 alis
581 4203 636 4254 AB
750 4202 801 4255 193
819 4200 955 4271 pennism
992 4199 1160 4252 ominaBba
1180 4199 1366 4253 omniuAB¹b

228 4284 278 4337 194
296 4286 401 4355 melior]
420 4290 506 4342 maior
513 4291 536 4357 f
558 4307 605 4344 arri.
625 4291 766 4371 rar-203
784 4290 869 4344 initia
887 4295 995 4344 tanturm
1012 4289 1153 4343 restantA
