<?xml version="1.0" encoding="UTF-8"?>
<!DOCTYPE html PUBLIC "-//W3C//DTD XHTML 1.0 Transitional//EN"
    "http://www.w3.org/TR/xhtml1/DTD/xhtml1-transitional.dtd">
<html xmlns="http://www.w3.org/1999/xhtml" xml:lang="en" lang="en">
 <head>
  <title>
</title>
<meta http-equiv="Content-Type" content="text/html;charset=utf-8" />
  <meta name='ocr-system' content='tesseract 3.04.00' />
  <meta name='ocr-capabilities' content='ocr_page ocr_carea ocr_par ocr_line ocrx_word'/>
</head>
<body>
  <div class='ocr_page' id='page_1' title='image "./cyprianigallipo01hilagoog/cyprianigallipo01hilagoog_0297.png"; bbox 0 0 3006 4762; ppageno 0'>
   <div class='ocr_carea' id='block_1_1' title="bbox 665 361 865 414">
    <p class='ocr_par' dir='ltr' id='par_1_1' title="bbox 665 361 865 414">
     <span class='ocr_line' id='line_1_1' title="bbox 665 361 865 414; baseline 0 -2"><span class='ocrx_word' id='word_1_1' title='bbox 665 361 865 414; x_wconf 73' lang='lat' dir='ltr'>Victorini</span> 
     </span>
    </p>
   </div>
   <div class='ocr_carea' id='block_1_2' title="bbox 181 554 1243 3084">
    <p class='ocr_par' dir='ltr' id='par_1_2' title="bbox 318 554 1242 743">
     <span class='ocr_line' id='line_1_2' title="bbox 318 554 1242 635; baseline 0.002 -18"><span class='ocrx_word' id='word_1_2' title='bbox 318 556 408 618; x_wconf 87' lang='lat' dir='ltr'>turba</span> <span class='ocrx_word' id='word_1_3' title='bbox 434 562 505 618; x_wconf 89' lang='lat' dir='ltr'>nate</span> <span class='ocrx_word' id='word_1_4' title='bbox 529 573 617 618; x_wconf 77' lang='lat' dir='ltr'>aneae</span> <span class='ocrx_word' id='word_1_5' title='bbox 642 572 870 635; x_wconf 84' lang='lat' dir='ltr'>numerumque</span> <span class='ocrx_word' id='word_1_6' title='bbox 895 554 1018 617; x_wconf 90' lang='lat' dir='ltr'>hortare</span> <span class='ocrx_word' id='word_1_7' title='bbox 1043 559 1242 634; x_wconf 89' lang='lat' dir='ltr'>sequentum.</span> 
     </span>
     <span class='ocr_line' id='line_1_3' title="bbox 364 660 1155 743; baseline -0.005 -17"><span class='ocrx_word' id='word_1_8' title='bbox 364 664 429 726; x_wconf 80' lang='lat' dir='ltr'>Nec</span> <span class='ocrx_word' id='word_1_9' title='bbox 454 663 580 726; x_wconf 85' lang='lat' dir='ltr'>decreta</span> <span class='ocrx_word' id='word_1_10' title='bbox 602 680 714 743; x_wconf 89' lang='lat' dir='ltr'>parens</span> <span class='ocrx_word' id='word_1_11' title='bbox 736 660 844 725; x_wconf 84' lang='lat' dir='ltr'>luctus</span> <span class='ocrx_word' id='word_1_12' title='bbox 868 665 899 724; x_wconf 92' lang='lat' dir='ltr'>et</span> <span class='ocrx_word' id='word_1_13' title='bbox 921 660 1037 743; x_wconf 86' lang='lat' dir='ltr'>gaudia</span> <span class='ocrx_word' id='word_1_14' title='bbox 1058 661 1155 723; x_wconf 88' lang='lat' dir='ltr'>mirta</span> 
     </span>
    </p>

    <p class='ocr_par' dir='ltr' id='par_1_3' title="bbox 315 766 1239 1152">
     <span class='ocr_line' id='line_1_4' title="bbox 318 766 1100 841; baseline -0.001 -10"><span class='ocrx_word' id='word_1_15' title='bbox 318 769 441 832; x_wconf 87' lang='lat' dir='ltr'>tinierut</span> <span class='ocrx_word' id='word_1_16' title='bbox 464 769 565 832; x_wconf 84' lang='lat' dir='ltr'>claros</span> <span class='ocrx_word' id='word_1_17' title='bbox 589 767 739 841; x_wconf 70' lang='lat' dir='ltr'>monitus,</span> <span class='ocrx_word' id='word_1_18' title='bbox 764 770 831 829; x_wconf 91' lang='lat' dir='ltr'>tum</span> <span class='ocrx_word' id='word_1_19' title='bbox 855 766 984 830; x_wconf 90' lang='lat' dir='ltr'>luminis</span> <span class='ocrx_word' id='word_1_20' title='bbox 1009 766 1100 830; x_wconf 92' lang='lat' dir='ltr'>orbes</span> 
     </span>
     <span class='ocr_line' id='line_1_5' title="bbox 315 873 1175 958; baseline 0.006 -21"><span class='ocrx_word' id='word_1_21' title='bbox 315 877 382 958; x_wconf 90' lang='lat' dir='ltr'>ipse</span> <span class='ocrx_word' id='word_1_22' title='bbox 405 876 503 949; x_wconf 79' lang='lat' dir='ltr'>leuat,</span> <span class='ocrx_word' id='word_1_23' title='bbox 528 878 723 954; x_wconf 87' lang='lat' dir='ltr'>matremque</span> <span class='ocrx_word' id='word_1_24' title='bbox 748 874 850 937; x_wconf 85' lang='lat' dir='ltr'>oculis</span> <span class='ocrx_word' id='word_1_25' title='bbox 874 873 1036 936; x_wconf 89' lang='lat' dir='ltr'>attendere</span> <span class='ocrx_word' id='word_1_26' title='bbox 1061 875 1175 955; x_wconf 74' lang='lat' dir='ltr'>coepit,</span> 
     </span>
     <span class='ocr_line' id='line_1_6' title="bbox 316 979 1239 1063; baseline 0 -20"><span class='ocrx_word' id='word_1_27' title='bbox 316 981 360 1043; x_wconf 92' lang='lat' dir='ltr'>nil</span> <span class='ocrx_word' id='word_1_28' title='bbox 383 981 446 1044; x_wconf 90' lang='lat' dir='ltr'>iam</span> <span class='ocrx_word' id='word_1_29' title='bbox 469 981 561 1044; x_wconf 89' lang='lat' dir='ltr'>triste</span> <span class='ocrx_word' id='word_1_30' title='bbox 585 999 706 1063; x_wconf 87' lang='lat' dir='ltr'>gerens.</span> <span class='ocrx_word' id='word_1_31' title='bbox 731 980 878 1043; x_wconf 89' lang='lat' dir='ltr'>Habitus.</span> <span class='ocrx_word' id='word_1_32' title='bbox 903 979 1077 1061; x_wconf 85' lang='lat' dir='ltr'>uultusque</span> <span class='ocrx_word' id='word_1_33' title='bbox 1101 979 1239 1044; x_wconf 81' lang='lat' dir='ltr'>fatentur</span> 
     </span>
     <span class='ocr_line' id='line_1_7' title="bbox 319 1086 1135 1152; baseline 0.001 -3"><span class='ocrx_word' id='word_1_34' title='bbox 319 1107 352 1149; x_wconf 87' lang='lat' dir='ltr'>se</span> <span class='ocrx_word' id='word_1_35' title='bbox 375 1087 522 1151; x_wconf 80' lang='lat' dir='ltr'>timuisse</span> <span class='ocrx_word' id='word_1_36' title='bbox 545 1086 635 1152; x_wconf 85' lang='lat' dir='ltr'>nihil.</span> <span class='ocrx_word' id='word_1_37' title='bbox 660 1086 720 1150; x_wconf 90' lang='lat' dir='ltr'>nisi</span> <span class='ocrx_word' id='word_1_38' title='bbox 743 1087 847 1150; x_wconf 89' lang='lat' dir='ltr'>tristia</span> <span class='ocrx_word' id='word_1_39' title='bbox 870 1086 1002 1149; x_wconf 92' lang='lat' dir='ltr'>uulnera</span> <span class='ocrx_word' id='word_1_40' title='bbox 1025 1087 1135 1150; x_wconf 88' lang='lat' dir='ltr'>matris</span> 
     </span>
    </p>

    <p class='ocr_par' dir='ltr' id='par_1_4' title="bbox 208 1191 1243 1701">
     <span class='ocr_line' id='line_1_8' title="bbox 208 1191 1090 1276; baseline 0 -22"><span class='ocrx_word' id='word_1_41' title='bbox 208 1239 214 1254; x_wconf 86' lang='lat'>.</span> <span class='ocrx_word' id='word_1_42' title='bbox 316 1201 372 1275; x_wconf 82' lang='lat' dir='ltr'>per</span> <span class='ocrx_word' id='word_1_43' title='bbox 391 1198 501 1276; x_wconf 91' lang='lat' dir='ltr'>partus</span> <span class='ocrx_word' id='word_1_44' title='bbox 525 1192 627 1256; x_wconf 89' lang='lat' dir='ltr'>diuisa</span> <span class='ocrx_word' id='word_1_45' title='bbox 651 1212 744 1256; x_wconf 88' lang='lat' dir='ltr'>snos:</span> <span class='ocrx_word' id='word_1_46' title='bbox 769 1191 825 1256; x_wconf 91' lang='lat' dir='ltr'>sed</span> <span class='ocrx_word' id='word_1_47' title='bbox 848 1193 970 1274; x_wconf 91' lang='lat' dir='ltr'>etipse</span> <span class='ocrx_word' id='word_1_48' title='bbox 994 1192 1090 1256; x_wconf 86' lang='lat' dir='ltr'>citato</span> 
     </span>
     <span class='ocr_line' id='line_1_9' title="bbox 316 1298 1120 1381; baseline 0 -19"><span class='ocrx_word' id='word_1_49' title='bbox 316 1299 443 1381; x_wconf 88' lang='lat' dir='ltr'>elapsus</span> <span class='ocrx_word' id='word_1_50' title='bbox 466 1299 612 1362; x_wconf 90' lang='lat' dir='ltr'>manibus</span> <span class='ocrx_word' id='word_1_51' title='bbox 637 1317 732 1362; x_wconf 92' lang='lat' dir='ltr'>cursu</span> <span class='ocrx_word' id='word_1_52' title='bbox 757 1298 941 1363; x_wconf 81' lang='lat' dir='ltr'>conscendit</span> <span class='ocrx_word' id='word_1_53' title='bbox 964 1299 994 1361; x_wconf 92' lang='lat' dir='ltr'>in</span> <span class='ocrx_word' id='word_1_54' title='bbox 1019 1299 1120 1381; x_wconf 76' lang='lat' dir='ltr'>ignes,</span> 
     </span>
     <span class='ocr_line' id='line_1_10' title="bbox 318 1405 1243 1487; baseline 0.002 -20"><span class='ocrx_word' id='word_1_55' title='bbox 318 1406 397 1469; x_wconf 88' lang='lat' dir='ltr'>mira</span> <span class='ocrx_word' id='word_1_56' title='bbox 419 1407 539 1487; x_wconf 87' lang='lat' dir='ltr'>loquar,</span> <span class='ocrx_word' id='word_1_57' title='bbox 563 1425 624 1470; x_wconf 94' lang='lat' dir='ltr'>non</span> <span class='ocrx_word' id='word_1_58' title='bbox 647 1405 775 1468; x_wconf 85' lang='lat' dir='ltr'>damma</span> <span class='ocrx_word' id='word_1_59' title='bbox 798 1423 915 1482; x_wconf 81' lang='lat' dir='ltr'>comas,</span> <span class='ocrx_word' id='word_1_60' title='bbox 939 1424 1000 1468; x_wconf 91' lang='lat' dir='ltr'>nou</span> <span class='ocrx_word' id='word_1_61' title='bbox 1024 1405 1157 1487; x_wconf 89' lang='lat' dir='ltr'>contigit</span> <span class='ocrx_word' id='word_1_62' title='bbox 1181 1425 1243 1469; x_wconf 88' lang='lat' dir='ltr'>ora.</span> 
     </span>
     <span class='ocr_line' id='line_1_11' title="bbox 317 1512 1164 1595; baseline 0.004 -21"><span class='ocrx_word' id='word_1_63' title='bbox 317 1513 456 1576; x_wconf 82' lang='lat' dir='ltr'>exanime</span> <span class='ocrx_word' id='word_1_64' title='bbox 481 1517 517 1575; x_wconf 90' lang='lat' dir='ltr'>ut</span> <span class='ocrx_word' id='word_1_65' title='bbox 541 1531 653 1594; x_wconf 89' lang='lat' dir='ltr'>corpus</span> <span class='ocrx_word' id='word_1_66' title='bbox 678 1512 820 1576; x_wconf 81' lang='lat' dir='ltr'>dammas</span> <span class='ocrx_word' id='word_1_67' title='bbox 845 1516 1049 1594; x_wconf 92' lang='lat' dir='ltr'>superauerat</span> <span class='ocrx_word' id='word_1_68' title='bbox 1071 1512 1164 1595; x_wconf 79' lang='lat' dir='ltr'>iguis</span> 
     </span>
     <span class='ocr_line' id='line_1_12' title="bbox 315 1618 1089 1701; baseline 0 -20"><span class='ocrx_word' id='word_1_69' title='bbox 315 1638 367 1682; x_wconf 90' lang='lat' dir='ltr'>ore</span> <span class='ocrx_word' id='word_1_70' title='bbox 390 1623 518 1700; x_wconf 88' lang='lat' dir='ltr'>patente</span> <span class='ocrx_word' id='word_1_71' title='bbox 542 1623 648 1682; x_wconf 91' lang='lat' dir='ltr'>tamen</span> <span class='ocrx_word' id='word_1_72' title='bbox 672 1618 768 1681; x_wconf 89' lang='lat' dir='ltr'>tacite</span> <span class='ocrx_word' id='word_1_73' title='bbox 792 1638 854 1700; x_wconf 90' lang='lat' dir='ltr'>qua</span> <span class='ocrx_word' id='word_1_74' title='bbox 876 1619 1006 1701; x_wconf 86' lang='lat' dir='ltr'>spiritus</span> <span class='ocrx_word' id='word_1_75' title='bbox 1030 1619 1089 1682; x_wconf 90' lang='lat' dir='ltr'>iret</span> 
     </span>
    </p>

    <p class='ocr_par' dir='ltr' id='par_1_5' title="bbox 204 1725 1238 2765">
     <span class='ocr_line' id='line_1_13' title="bbox 204 1725 1190 1808; baseline 0.003 -21"><span class='ocrx_word' id='word_1_76' title='bbox 204 1730 240 1783; x_wconf 70' lang='lat'>..⁷</span> <span class='ocrx_word' id='word_1_77' title='bbox 314 1725 397 1788; x_wconf 92' lang='lat' dir='ltr'>unde</span> <span class='ocrx_word' id='word_1_78' title='bbox 422 1728 571 1807; x_wconf 86' lang='lat' dir='ltr'>acceptus</span> <span class='ocrx_word' id='word_1_79' title='bbox 596 1729 662 1788; x_wconf 90' lang='lat' dir='ltr'>erat</span> <span class='ocrx_word' id='word_1_80' title='bbox 686 1726 803 1807; x_wconf 90' lang='lat' dir='ltr'>pariter</span> <span class='ocrx_word' id='word_1_81' title='bbox 826 1745 897 1788; x_wconf 90' lang='lat' dir='ltr'>cnm</span> <span class='ocrx_word' id='word_1_82' title='bbox 922 1726 1074 1808; x_wconf 87' lang='lat' dir='ltr'>sanguine</span> <span class='ocrx_word' id='word_1_83' title='bbox 1098 1725 1190 1808; x_wconf 86' lang='lat' dir='ltr'>fugit.</span> 
     </span>
     <span class='ocr_line' id='line_1_14' title="bbox 314 1832 1230 1915; baseline 0.001 -21"><span class='ocrx_word' id='word_1_84' title='bbox 314 1833 373 1896; x_wconf 90' lang='lat' dir='ltr'>hoc</span> <span class='ocrx_word' id='word_1_85' title='bbox 396 1832 465 1914; x_wconf 91' lang='lat' dir='ltr'>ipso</span> <span class='ocrx_word' id='word_1_86' title='bbox 491 1836 540 1895; x_wconf 91' lang='lat' dir='ltr'>est</span> <span class='ocrx_word' id='word_1_87' title='bbox 563 1833 674 1915; x_wconf 81' lang='lat' dir='ltr'>ganisa</span> <span class='ocrx_word' id='word_1_88' title='bbox 696 1852 819 1915; x_wconf 80' lang='lat' dir='ltr'>pareus</span> <span class='ocrx_word' id='word_1_89' title='bbox 845 1832 929 1912; x_wconf 91' lang='lat' dir='ltr'>qnod</span> <span class='ocrx_word' id='word_1_90' title='bbox 952 1833 1006 1913; x_wconf 90' lang='lat' dir='ltr'>qui</span> <span class='ocrx_word' id='word_1_91' title='bbox 1029 1833 1123 1895; x_wconf 90' lang='lat' dir='ltr'>modo</span> <span class='ocrx_word' id='word_1_92' title='bbox 1147 1834 1230 1897; x_wconf 87' lang='lat' dir='ltr'>tristi</span> 
     </span>
     <span class='ocr_line' id='line_1_15' title="bbox 312 1939 1102 2022; baseline -0.001 -20"><span class='ocrx_word' id='word_1_93' title='bbox 312 1940 498 2004; x_wconf 77' lang='lat' dir='ltr'>constiterat</span> <span class='ocrx_word' id='word_1_94' title='bbox 520 1940 624 2010; x_wconf 78' lang='lat' dir='ltr'>uultu,</span> <span class='ocrx_word' id='word_1_95' title='bbox 649 1939 749 2003; x_wconf 84' lang='lat' dir='ltr'>fretus</span> <span class='ocrx_word' id='word_1_96' title='bbox 774 1939 858 2020; x_wconf 91' lang='lat' dir='ltr'>qnod</span> <span class='ocrx_word' id='word_1_97' title='bbox 881 1943 1008 2022; x_wconf 80' lang='lat' dir='ltr'>pectore</span> <span class='ocrx_word' id='word_1_98' title='bbox 1032 1943 1102 2001; x_wconf 91' lang='lat' dir='ltr'>tuto</span> 
     </span>
     <span class='ocr_line' id='line_1_16' title="bbox 311 2045 1104 2129; baseline 0.001 -22"><span class='ocrx_word' id='word_1_99' title='bbox 311 2045 451 2126; x_wconf 90' lang='lat' dir='ltr'>paruerit</span> <span class='ocrx_word' id='word_1_100' title='bbox 472 2045 611 2120; x_wconf 74' lang='lat' dir='ltr'>monitis,</span> <span class='ocrx_word' id='word_1_101' title='bbox 635 2046 731 2128; x_wconf 82' lang='lat' dir='ltr'>Regis</span> <span class='ocrx_word' id='word_1_102' title='bbox 755 2049 954 2129; x_wconf 89' lang='lat' dir='ltr'>contemptor</span> <span class='ocrx_word' id='word_1_103' title='bbox 977 2049 1009 2110; x_wconf 90' lang='lat' dir='ltr'>et</span> <span class='ocrx_word' id='word_1_104' title='bbox 1031 2046 1104 2108; x_wconf 90' lang='lat' dir='ltr'>irae.</span> 
     </span>
     <span class='ocr_line' id='line_1_17' title="bbox 311 2151 1139 2216; baseline 0.002 -3"><span class='ocrx_word' id='word_1_105' title='bbox 311 2151 357 2213; x_wconf 92' lang='lat' dir='ltr'>sic</span> <span class='ocrx_word' id='word_1_106' title='bbox 381 2153 488 2214; x_wconf 80' lang='lat' dir='ltr'>exorta</span> <span class='ocrx_word' id='word_1_107' title='bbox 510 2154 616 2213; x_wconf 85' lang='lat' dir='ltr'>tamen</span> <span class='ocrx_word' id='word_1_108' title='bbox 642 2169 713 2214; x_wconf 94' lang='lat' dir='ltr'>cum</span> <span class='ocrx_word' id='word_1_109' title='bbox 738 2152 803 2215; x_wconf 85' lang='lat' dir='ltr'>Rex</span> <span class='ocrx_word' id='word_1_110' title='bbox 828 2151 987 2216; x_wconf 84' lang='lat' dir='ltr'>dubitaret</span> <span class='ocrx_word' id='word_1_111' title='bbox 1010 2151 1041 2214; x_wconf 93' lang='lat' dir='ltr'>in</span> <span class='ocrx_word' id='word_1_112' title='bbox 1066 2151 1139 2215; x_wconf 91' lang='lat' dir='ltr'>illos</span> 
     </span>
     <span class='ocr_line' id='line_1_18' title="bbox 313 2256 1238 2341; baseline -0.001 -22"><span class='ocrx_word' id='word_1_113' title='bbox 313 2257 367 2338; x_wconf 90' lang='lat' dir='ltr'>qui</span> <span class='ocrx_word' id='word_1_114' title='bbox 391 2260 542 2340; x_wconf 89' lang='lat' dir='ltr'>superant</span> <span class='ocrx_word' id='word_1_115' title='bbox 565 2256 766 2339; x_wconf 84' lang='lat' dir='ltr'>gemitusque</span> <span class='ocrx_word' id='word_1_116' title='bbox 791 2257 889 2336; x_wconf 82' lang='lat' dir='ltr'>daret,</span> <span class='ocrx_word' id='word_1_117' title='bbox 912 2258 964 2341; x_wconf 90' lang='lat' dir='ltr'>pia</span> <span class='ocrx_word' id='word_1_118' title='bbox 987 2259 1079 2321; x_wconf 92' lang='lat' dir='ltr'>turba</span> <span class='ocrx_word' id='word_1_119' title='bbox 1102 2257 1238 2320; x_wconf 90' lang='lat' dir='ltr'>ministri</span> 
     </span>
     <span class='ocr_line' id='line_1_19' title="bbox 309 2364 1135 2446; baseline 0.002 -21"><span class='ocrx_word' id='word_1_120' title='bbox 309 2364 429 2446; x_wconf 85' lang='lat' dir='ltr'>Regem</span> <span class='ocrx_word' id='word_1_121' title='bbox 455 2365 757 2437; x_wconf 78' lang='lat' dir='ltr'>execrantu1·,tanto</span> <span class='ocrx_word' id='word_1_122' title='bbox 782 2382 925 2427; x_wconf 86' lang='lat' dir='ltr'>sermone</span> <span class='ocrx_word' id='word_1_123' title='bbox 950 2367 1135 2444; x_wconf 86' lang='lat' dir='ltr'>querentes:</span> 
     </span>
     <span class='ocr_line' id='line_1_20' title="bbox 310 2468 1216 2551; baseline -0.001 -19"><span class='ocrx_word' id='word_1_124' title='bbox 310 2470 467 2551; x_wconf 85' lang='lat' dir='ltr'>protrahe,</span> <span class='ocrx_word' id='word_1_125' title='bbox 493 2468 568 2550; x_wconf 90' lang='lat' dir='ltr'>quid</span> <span class='ocrx_word' id='word_1_126' title='bbox 593 2468 745 2532; x_wconf 82' lang='lat' dir='ltr'>dubitas?</span> <span class='ocrx_word' id='word_1_127' title='bbox 770 2469 850 2532; x_wconf 90' lang='lat' dir='ltr'>nulli</span> <span class='ocrx_word' id='word_1_128' title='bbox 873 2469 937 2531; x_wconf 90' lang='lat' dir='ltr'>iarn</span> <span class='ocrx_word' id='word_1_129' title='bbox 960 2488 1086 2551; x_wconf 87' lang='lat' dir='ltr'>parcere</span> <span class='ocrx_word' id='word_1_130' title='bbox 1111 2470 1216 2532; x_wconf 89' lang='lat' dir='ltr'>debes.</span> 
     </span>
     <span class='ocr_line' id='line_1_21' title="bbox 313 2574 1175 2658; baseline -0.001 -19"><span class='ocrx_word' id='word_1_131' title='bbox 313 2596 369 2639; x_wconf 92' lang='lat' dir='ltr'>nec</span> <span class='ocrx_word' id='word_1_132' title='bbox 393 2579 495 2658; x_wconf 72' lang='lat' dir='ltr'>potes</span> <span class='ocrx_word' id='word_1_133' title='bbox 519 2579 556 2638; x_wconf 93' lang='lat' dir='ltr'>nt</span> <span class='ocrx_word' id='word_1_134' title='bbox 579 2575 698 2656; x_wconf 85' lang='lat' dir='ltr'>cupias,</span> <span class='ocrx_word' id='word_1_135' title='bbox 724 2574 885 2639; x_wconf 88' lang='lat' dir='ltr'>decretum</span> <span class='ocrx_word' id='word_1_136' title='bbox 909 2594 1053 2657; x_wconf 89' lang='lat' dir='ltr'>rumpere</span> <span class='ocrx_word' id='word_1_137' title='bbox 1078 2576 1175 2639; x_wconf 88' lang='lat' dir='ltr'>nulii:</span> 
     </span>
     <span class='ocr_line' id='line_1_22' title="bbox 315 2682 1095 2765; baseline 0 -20"><span class='ocrx_word' id='word_1_138' title='bbox 315 2683 438 2765; x_wconf 90' lang='lat' dir='ltr'>appello</span> <span class='ocrx_word' id='word_1_139' title='bbox 463 2701 569 2765; x_wconf 87' lang='lat' dir='ltr'>regem</span> <span class='ocrx_word' id='word_1_140' title='bbox 592 2685 696 2745; x_wconf 88' lang='lat' dir='ltr'>totum</span> <span class='ocrx_word' id='word_1_141' title='bbox 721 2682 775 2762; x_wconf 91' lang='lat' dir='ltr'>qui</span> <span class='ocrx_word' id='word_1_142' title='bbox 798 2684 954 2764; x_wconf 88' lang='lat' dir='ltr'>temperat</span> <span class='ocrx_word' id='word_1_143' title='bbox 978 2682 1095 2758; x_wconf 77' lang='lat' dir='ltr'>orbem,</span> 
     </span>
    </p>

    <p class='ocr_par' dir='ltr' id='par_1_6' title="bbox 181 2787 1232 3084">
     <span class='ocr_line' id='line_1_23' title="bbox 181 2787 1188 2870; baseline -0.001 -19"><span class='ocrx_word' id='word_1_144' title='bbox 181 2799 198 2851; x_wconf 72' lang='lat'>⁸.</span> <span class='ocrx_word' id='word_1_145' title='bbox 226 2794 238 2850; x_wconf 76' lang='grc' dir='ltr'><strong>ἔ</strong></span> <span class='ocrx_word' id='word_1_146' title='bbox 314 2789 368 2870; x_wconf 92' lang='lat' dir='ltr'>qui</span> <span class='ocrx_word' id='word_1_147' title='bbox 390 2807 486 2863; x_wconf 73' lang='lat' dir='ltr'>mara</span> <span class='ocrx_word' id='word_1_148' title='bbox 511 2787 565 2869; x_wconf 88' lang='lat' dir='ltr'>qui</span> <span class='ocrx_word' id='word_1_149' title='bbox 589 2787 723 2862; x_wconf 85' lang='lat' dir='ltr'>coelum,</span> <span class='ocrx_word' id='word_1_150' title='bbox 748 2787 829 2850; x_wconf 90' lang='lat' dir='ltr'>coeli</span> <span class='ocrx_word' id='word_1_151' title='bbox 852 2787 903 2850; x_wconf 87' lang='lat' dir='ltr'>cni</span> <span class='ocrx_word' id='word_1_152' title='bbox 928 2787 1038 2870; x_wconf 82' lang='lat' dir='ltr'>sydera</span> <span class='ocrx_word' id='word_1_153' title='bbox 1061 2791 1188 2869; x_wconf 89' lang='lat' dir='ltr'>parent:</span> 
     </span>
     <span class='ocr_line' id='line_1_24' title="bbox 311 2892 1232 2977; baseline 0.001 -22"><span class='ocrx_word' id='word_1_154' title='bbox 311 2895 395 2976; x_wconf 90' lang='lat' dir='ltr'>qnod</span> <span class='ocrx_word' id='word_1_155' title='bbox 418 2894 479 2957; x_wconf 91' lang='lat' dir='ltr'>nisi</span> <span class='ocrx_word' id='word_1_156' title='bbox 502 2892 660 2975; x_wconf 79' lang='lat' dir='ltr'>producis,</span> <span class='ocrx_word' id='word_1_157' title='bbox 684 2892 779 2956; x_wconf 88' lang='lat' dir='ltr'>timor</span> <span class='ocrx_word' id='word_1_158' title='bbox 803 2898 862 2969; x_wconf 83' lang='lat' dir='ltr'>est,</span> <span class='ocrx_word' id='word_1_159' title='bbox 885 2893 949 2956; x_wconf 90' lang='lat' dir='ltr'>iam</span> <span class='ocrx_word' id='word_1_160' title='bbox 973 2894 1102 2977; x_wconf 86' lang='lat' dir='ltr'>segnius</span> <span class='ocrx_word' id='word_1_161' title='bbox 1125 2893 1232 2969; x_wconf 77' lang='lat' dir='ltr'>instat,</span> 
     </span>
     <span class='ocr_line' id='line_1_25' title="bbox 311 2999 1188 3084; baseline 0.002 -22"><span class='ocrx_word' id='word_1_162' title='bbox 311 3002 375 3063; x_wconf 90' lang='lat' dir='ltr'>iam</span> <span class='ocrx_word' id='word_1_163' title='bbox 400 2999 499 3064; x_wconf 90' lang='lat' dir='ltr'>sentis</span> <span class='ocrx_word' id='word_1_164' title='bbox 524 3018 617 3080; x_wconf 90' lang='lat' dir='ltr'>quem</span> <span class='ocrx_word' id='word_1_165' title='bbox 641 3017 742 3082; x_wconf 90' lang='lat' dir='ltr'>poena</span> <span class='ocrx_word' id='word_1_166' title='bbox 764 3003 863 3081; x_wconf 81' lang='lat' dir='ltr'>petat,</span> <span class='ocrx_word' id='word_1_167' title='bbox 887 3001 951 3064; x_wconf 89' lang='lat' dir='ltr'>iam</span> <span class='ocrx_word' id='word_1_168' title='bbox 974 3000 1075 3084; x_wconf 85' lang='lat' dir='ltr'>gloria</span> <span class='ocrx_word' id='word_1_169' title='bbox 1098 3001 1188 3064; x_wconf 90' lang='lat' dir='ltr'>nobis</span> 
     </span>
    </p>
   </div>
   <div class='ocr_carea' id='block_1_3' title="bbox 176 3105 1213 3403">
    <p class='ocr_par' dir='ltr' id='par_1_7' title="bbox 176 3105 1213 3403">
     <span class='ocr_line' id='line_1_26' title="bbox 310 3105 1206 3190; baseline 0 -20"><span class='ocrx_word' id='word_1_170' title='bbox 310 3111 398 3190; x_wconf 89' lang='lat' dir='ltr'>parte</span> <span class='ocrx_word' id='word_1_171' title='bbox 423 3107 454 3169; x_wconf 90' lang='lat' dir='ltr'>in</span> <span class='ocrx_word' id='word_1_172' title='bbox 479 3109 613 3186; x_wconf 90' lang='lat' dir='ltr'>utraque</span> <span class='ocrx_word' id='word_1_173' title='bbox 636 3110 753 3170; x_wconf 87' lang='lat' dir='ltr'>manet.</span> <span class='ocrx_word' id='word_1_174' title='bbox 777 3105 873 3169; x_wconf 88' lang='lat' dir='ltr'>liceat</span> <span class='ocrx_word' id='word_1_175' title='bbox 894 3107 1066 3189; x_wconf 88' lang='lat' dir='ltr'>producere</span> <span class='ocrx_word' id='word_1_176' title='bbox 1090 3106 1206 3170; x_wconf 89' lang='lat' dir='ltr'>nullis:</span> 
     </span>
     <span class='ocr_line' id='line_1_27' title="bbox 308 3213 1213 3295; baseline 0.004 -19"><span class='ocrx_word' id='word_1_177' title='bbox 308 3233 380 3276; x_wconf 90' lang='lat' dir='ltr'>nam</span> <span class='ocrx_word' id='word_1_178' title='bbox 406 3231 611 3295; x_wconf 88' lang='lat' dir='ltr'>quoscunque</span> <span class='ocrx_word' id='word_1_179' title='bbox 635 3216 727 3276; x_wconf 90' lang='lat' dir='ltr'>tuum</span> <span class='ocrx_word' id='word_1_180' title='bbox 751 3213 875 3277; x_wconf 87' lang='lat' dir='ltr'>iussisti</span> <span class='ocrx_word' id='word_1_181' title='bbox 899 3213 1047 3277; x_wconf 79' lang='lat' dir='ltr'>excedere</span> <span class='ocrx_word' id='word_1_182' title='bbox 1070 3232 1213 3295; x_wconf 82' lang='lat' dir='ltr'>regnum.</span> 
     </span>
     <span class='ocr_line' id='line_1_28' title="bbox 176 3319 1115 3403; baseline 0.003 -20"><span class='ocrx_word' id='word_1_183' title='bbox 176 3323 239 3384; x_wconf 90' lang='grc'>210</span> <span class='ocrx_word' id='word_1_184' title='bbox 307 3321 438 3385; x_wconf 82' lang='lat' dir='ltr'>forsitan</span> <span class='ocrx_word' id='word_1_185' title='bbox 462 3321 522 3383; x_wconf 91' lang='lat' dir='ltr'>hoc</span> <span class='ocrx_word' id='word_1_186' title='bbox 547 3322 680 3383; x_wconf 88' lang='lat' dir='ltr'>mortem</span> <span class='ocrx_word' id='word_1_187' title='bbox 705 3319 812 3383; x_wconf 87' lang='lat' dir='ltr'>credas</span> <span class='ocrx_word' id='word_1_188' title='bbox 835 3320 953 3385; x_wconf 90' lang='lat' dir='ltr'>furiose</span> <span class='ocrx_word' id='word_1_189' title='bbox 976 3324 1115 3403; x_wconf 87' lang='lat' dir='ltr'>tyranne.</span> 
     </span>
    </p>
   </div>
   <div class='ocr_carea' id='block_1_4' title="bbox 210 3488 1320 3568">
    <p class='ocr_par' dir='ltr' id='par_1_8' title="bbox 210 3488 1320 3568">
     <span class='ocr_line' id='line_1_29' title="bbox 210 3488 1320 3568; baseline -0.002 -1"><span class='ocrx_word' id='word_1_190' title='bbox 210 3512 260 3567; x_wconf 77' lang='grc'>184</span> <span class='ocrx_word' id='word_1_191' title='bbox 272 3511 511 3568; x_wconf 89' lang='lat' dir='ltr'>turbamn.meam</span> <span class='ocrx_word' id='word_1_192' title='bbox 557 3488 739 3563; x_wconf 82' lang='lat' dir='ltr'>l93flammae</span> <span class='ocrx_word' id='word_1_193' title='bbox 780 3510 829 3563; x_wconf 91' lang='grc'>199</span> <span class='ocrx_word' id='word_1_194' title='bbox 840 3527 932 3563; x_wconf 83' lang='lat' dir='ltr'>exorsa</span> <span class='ocrx_word' id='word_1_195' title='bbox 969 3511 1021 3564; x_wconf 85' lang='grc'>205</span> <span class='ocrx_word' id='word_1_196' title='bbox 1032 3511 1120 3565; x_wconf 88' lang='lat' dir='ltr'>sidera</span> <span class='ocrx_word' id='word_1_197' title='bbox 1158 3512 1320 3566; x_wconf 67' lang='lat' dir='ltr'>momorum</span> 
     </span>
    </p>
   </div>
   <div class='ocr_carea' id='block_1_5' title="bbox 171 3670 1319 4356">
    <p class='ocr_par' dir='ltr' id='par_1_9' title="bbox 171 3670 1319 4356">
     <span class='ocr_line' id='line_1_30' title="bbox 209 3670 1319 3742; baseline 0 -18"><span class='ocrx_word' id='word_1_198' title='bbox 209 3671 260 3724; x_wconf 77' lang='grc'>184</span> <span class='ocrx_word' id='word_1_199' title='bbox 280 3688 330 3740; x_wconf 90' lang='lat' dir='ltr'>que</span> <span class='ocrx_word' id='word_1_200' title='bbox 351 3688 401 3724; x_wconf 84' lang='lat' dir='ltr'>orn.</span> <span class='ocrx_word' id='word_1_201' title='bbox 475 3671 526 3723; x_wconf 87' lang='grc'>186</span> <span class='ocrx_word' id='word_1_202' title='bbox 545 3671 673 3739; x_wconf 86' lang='lat' dir='ltr'>monitus]</span> <span class='ocrx_word' id='word_1_203' title='bbox 693 3671 781 3723; x_wconf 92' lang='lat' dir='ltr'>minus</span> <span class='ocrx_word' id='word_1_204' title='bbox 819 3670 891 3723; x_wconf 92' lang='lat' dir='ltr'>orbis</span> <span class='ocrx_word' id='word_1_205' title='bbox 965 3671 1016 3725; x_wconf 87' lang='grc'>188</span> <span class='ocrx_word' id='word_1_206' title='bbox 1036 3671 1114 3742; x_wconf 71' lang='lat' dir='ltr'>Nihil</span> <span class='ocrx_word' id='word_1_207' title='bbox 1151 3671 1268 3737; x_wconf 66' lang='lat' dir='ltr'>fatenter</span> <span class='ocrx_word' id='word_1_208' title='bbox 1287 3680 1319 3725; x_wconf 84' lang='lat' dir='ltr'>et.</span> 
     </span>
     <span class='ocr_line' id='line_1_31' title="bbox 173 3759 1319 3831; baseline 0 -18"><span class='ocrx_word' id='word_1_209' title='bbox 173 3776 241 3813; x_wconf 87' lang='lat' dir='ltr'>corr.</span> <span class='ocrx_word' id='word_1_210' title='bbox 333 3760 384 3813; x_wconf 86' lang='grc'>189</span> <span class='ocrx_word' id='word_1_211' title='bbox 405 3760 442 3828; x_wconf 89' lang='lat' dir='ltr'>se]</span> <span class='ocrx_word' id='word_1_212' title='bbox 463 3761 510 3813; x_wconf 90' lang='lat' dir='ltr'>sed</span> <span class='ocrx_word' id='word_1_213' title='bbox 547 3760 663 3828; x_wconf 70' lang='lat' dir='ltr'>tristicia</span> <span class='ocrx_word' id='word_1_214' title='bbox 756 3761 806 3814; x_wconf 85' lang='lat'>190</span> <span class='ocrx_word' id='word_1_215' title='bbox 825 3759 873 3813; x_wconf 89' lang='lat' dir='ltr'>sed</span> <span class='ocrx_word' id='word_1_216' title='bbox 892 3764 920 3814; x_wconf 91' lang='lat' dir='ltr'>et</span> <span class='ocrx_word' id='word_1_217' title='bbox 939 3761 1006 3830; x_wconf 69' lang='lat' dir='ltr'>ipse]</span> <span class='ocrx_word' id='word_1_218' title='bbox 1026 3762 1103 3831; x_wconf 90' lang='lat' dir='ltr'>sequi</span> <span class='ocrx_word' id='word_1_219' title='bbox 1122 3762 1181 3831; x_wconf 86' lang='lat' dir='ltr'>ipsa</span> <span class='ocrx_word' id='word_1_220' title='bbox 1223 3762 1319 3814; x_wconf 83' lang='lat' dir='ltr'>citatos</span> 
     </span>
     <span class='ocr_line' id='line_1_32' title="bbox 174 3847 1319 3918; baseline 0.003 -20"><span class='ocrx_word' id='word_1_221' title='bbox 174 3847 224 3898; x_wconf 84' lang='lat'>191</span> <span class='ocrx_word' id='word_1_222' title='bbox 244 3847 364 3916; x_wconf 88' lang='lat' dir='ltr'>elapsum</span> <span class='ocrx_word' id='word_1_223' title='bbox 430 3848 480 3899; x_wconf 91' lang='grc'>192</span> <span class='ocrx_word' id='word_1_224' title='bbox 500 3849 634 3917; x_wconf 85' lang='lat' dir='ltr'>contingit</span> <span class='ocrx_word' id='word_1_225' title='bbox 704 3849 754 3903; x_wconf 87' lang='lat'>193</span> <span class='ocrx_word' id='word_1_226' title='bbox 774 3862 868 3918; x_wconf 87' lang='lat' dir='ltr'>corpus</span> <span class='ocrx_word' id='word_1_227' title='bbox 888 3852 919 3901; x_wconf 93' lang='lat' dir='ltr'>ut</span> <span class='ocrx_word' id='word_1_228' title='bbox 938 3851 1057 3903; x_wconf 82' lang='lat' dir='ltr'>exanime</span> <span class='ocrx_word' id='word_1_229' title='bbox 1077 3851 1183 3903; x_wconf 88' lang='lat' dir='ltr'>flamma</span> <span class='ocrx_word' id='word_1_230' title='bbox 1202 3867 1223 3903; x_wconf 89' lang='lat' dir='ltr'>s.</span> <span class='ocrx_word' id='word_1_231' title='bbox 1241 3851 1319 3918; x_wconf 85' lang='lat' dir='ltr'>ignes</span> 
     </span>
     <span class='ocr_line' id='line_1_33' title="bbox 175 3934 1319 4008; baseline 0.006 -23"><span class='ocrx_word' id='word_1_232' title='bbox 175 3934 225 3985; x_wconf 86' lang='grc'>190</span> <span class='ocrx_word' id='word_1_233' title='bbox 245 3934 348 4003; x_wconf 85' lang='lat' dir='ltr'>ganisa]</span> <span class='ocrx_word' id='word_1_234' title='bbox 369 3935 456 3988; x_wconf 88' lang='lat' dir='ltr'>diuisa</span> <span class='ocrx_word' id='word_1_235' title='bbox 514 3938 563 3989; x_wconf 83' lang='lat'>198</span> <span class='ocrx_word' id='word_1_236' title='bbox 583 3938 727 4006; x_wconf 72' lang='lat' dir='ltr'>parauerat</span> <span class='ocrx_word' id='word_1_237' title='bbox 756 3939 1001 4008; x_wconf 82' lang='lat' dir='ltr'>contemptoretise</span> <span class='ocrx_word' id='word_1_238' title='bbox 1050 3940 1099 3992; x_wconf 90' lang='grc'>199</span> <span class='ocrx_word' id='word_1_239' title='bbox 1109 3940 1210 4008; x_wconf 86' lang='lat' dir='ltr'>tamen]</span> <span class='ocrx_word' id='word_1_240' title='bbox 1222 3943 1319 4008; x_wconf 78' lang='lat' dir='ltr'>parenS</span> 
     </span>
     <span class='ocr_line' id='line_1_34' title="bbox 173 4020 1318 4096; baseline 0.007 -23"><span class='ocrx_word' id='word_1_241' title='bbox 173 4020 225 4074; x_wconf 90' lang='grc'>200</span> <span class='ocrx_word' id='word_1_242' title='bbox 252 4021 297 4090; x_wconf 87' lang='lat' dir='ltr'>pia</span> <span class='ocrx_word' id='word_1_243' title='bbox 325 4038 376 4076; x_wconf 85' lang='lat' dir='ltr'>om.</span> <span class='ocrx_word' id='word_1_244' title='bbox 403 4025 535 4078; x_wconf 87' lang='lat' dir='ltr'>ministris</span> <span class='ocrx_word' id='word_1_245' title='bbox 635 4027 684 4079; x_wconf 94' lang='grc'>201</span> <span class='ocrx_word' id='word_1_246' title='bbox 718 4031 870 4080; x_wconf 81' lang='lat' dir='ltr'>execrantes</span> <span class='ocrx_word' id='word_1_247' title='bbox 899 4027 982 4080; x_wconf 88' lang='lat' dir='ltr'>tacito</span> <span class='ocrx_word' id='word_1_248' title='bbox 1083 4028 1135 4081; x_wconf 93' lang='grc'>202</span> <span class='ocrx_word' id='word_1_249' title='bbox 1163 4027 1318 4096; x_wconf 84' lang='lat' dir='ltr'>protrahere</span> 
     </span>
     <span class='ocr_line' id='line_1_35' title="bbox 172 4107 1317 4185; baseline 0.006 -24"><span class='ocrx_word' id='word_1_250' title='bbox 172 4107 224 4162; x_wconf 85' lang='grc'>205</span> <span class='ocrx_word' id='word_1_251' title='bbox 244 4109 312 4161; x_wconf 90' lang='lat' dir='ltr'>coeli</span> <span class='ocrx_word' id='word_1_252' title='bbox 332 4110 383 4178; x_wconf 84' lang='lat' dir='ltr'>cui]</span> <span class='ocrx_word' id='word_1_253' title='bbox 404 4111 446 4163; x_wconf 87' lang='lat' dir='ltr'>cni</span> <span class='ocrx_word' id='word_1_254' title='bbox 465 4114 516 4181; x_wconf 71' lang='lat' dir='ltr'>celi</span> <span class='ocrx_word' id='word_1_255' title='bbox 589 4114 640 4166; x_wconf 89' lang='grc'>206</span> <span class='ocrx_word' id='word_1_256' title='bbox 660 4116 749 4184; x_wconf 87' lang='lat' dir='ltr'>signin</span> <span class='ocrx_word' id='word_1_257' title='bbox 823 4116 874 4170; x_wconf 90' lang='grc'>208</span> <span class='ocrx_word' id='word_1_258' title='bbox 893 4120 1034 4185; x_wconf 86' lang='lat' dir='ltr'>utramque</span> <span class='ocrx_word' id='word_1_259' title='bbox 1075 4116 1166 4184; x_wconf 75' lang='lat' dir='ltr'>liceat]</span> <span class='ocrx_word' id='word_1_260' title='bbox 1185 4115 1251 4170; x_wconf 88' lang='lat' dir='ltr'>licet</span> <span class='ocrx_word' id='word_1_261' title='bbox 1268 4132 1317 4170; x_wconf 86' lang='lat' dir='ltr'>nos</span> 
     </span>
     <span class='ocr_line' id='line_1_36' title="bbox 186 4198 1318 4269; baseline 0.006 -20"><span class='ocrx_word' id='word_1_262' title='bbox 186 4201 250 4264; x_wconf 83' lang='lat' dir='ltr'>post</span> <span class='ocrx_word' id='word_1_263' title='bbox 267 4212 295 4250; x_wconf 85' lang='lat' dir='ltr'>u.</span> <span class='ocrx_word' id='word_1_264' title='bbox 320 4198 371 4251; x_wconf 92' lang='grc'>209</span> <span class='ocrx_word' id='word_1_265' title='bbox 391 4199 446 4251; x_wconf 82' lang='lat' dir='ltr'>duo</span> <span class='ocrx_word' id='word_1_266' title='bbox 464 4202 593 4255; x_wconf 66' lang='lat' dir='ltr'>uaricula</span> <span class='ocrx_word' id='word_1_267' title='bbox 616 4207 667 4256; x_wconf 89' lang='grc'>211</span> <span class='ocrx_word' id='word_1_268' title='bbox 689 4211 714 4258; x_wconf 86' lang='lat' dir='ltr'>et</span> <span class='ocrx_word' id='word_1_269' title='bbox 733 4208 788 4257; x_wconf 89' lang='grc'>212</span> <span class='ocrx_word' id='word_1_270' title='bbox 810 4210 922 4258; x_wconf 74' lang='lat' dir='ltr'>orostrae</span> <span class='ocrx_word' id='word_1_271' title='bbox 944 4206 983 4258; x_wconf 83' lang='lat' dir='ltr'>ed.</span> <span class='ocrx_word' id='word_1_272' title='bbox 1005 4205 1273 4269; x_wconf 75' lang='lat' dir='ltr'>(Senitia—furorem</span> <span class='ocrx_word' id='word_1_273' title='bbox 1293 4211 1318 4259; x_wconf 88' lang='lat' dir='ltr'>et</span> 
     </span>
     <span class='ocr_line' id='line_1_37' title="bbox 171 4284 978 4356; baseline 0.009 -18"><span class='ocrx_word' id='word_1_274' title='bbox 171 4284 515 4355; x_wconf 80' lang='lat' dir='ltr'>Himpetuum—priorum)</span> <span class='ocrx_word' id='word_1_275' title='bbox 536 4292 735 4356; x_wconf 58' lang='lat' dir='ltr'>reportaturos</span> <span class='ocrx_word' id='word_1_276' title='bbox 757 4292 780 4344; x_wconf 80' lang='lat' dir='ltr'><em>G</em></span> <span class='ocrx_word' id='word_1_277' title='bbox 828 4290 880 4344; x_wconf 90' lang='grc'>210</span> <span class='ocrx_word' id='word_1_278' title='bbox 899 4291 978 4345; x_wconf 88' lang='lat' dir='ltr'>creda</span> 
     </span>
    </p>
   </div>
   <div class='ocr_carea' id='block_1_6' title="bbox 0 0 1508 4762">
    <p class='ocr_par' dir='ltr' id='par_1_10' title="bbox 0 0 1508 4762">
     <span class='ocr_line' id='line_1_38' title="bbox 0 0 1508 4762; baseline 0 9"><span class='ocrx_word' id='word_1_279' title='bbox 0 0 1508 4762; x_wconf 95' lang='lat' dir='ltr'> </span> 
     </span>
    </p>
   </div>
  </div>
 </body>
</html>
