3006 4762
459 376 500 430 de
530 378 718 447 martyrio
747 347 1064 431 Maccahaeorum
1261 375 1324 439 249

317 591 355 635 ne
380 572 453 635 nani
474 575 604 654 pereant
627 572 715 656 ignes
740 572 897 635 dubiusne
921 570 1022 634 uideri

318 698 368 743 rex
391 678 504 761 possit.
529 681 612 742 certe
636 679 732 743 timor
755 680 804 742 est
825 677 905 741 mihi
925 677 1043 741 femina
1065 677 1203 740 nullus.“

362 785 557 868 Praecipuus
581 785 619 849 dc
643 787 737 868 gente
760 788 816 848 tua
838 783 1030 866 produceris,
1055 803 1106 848 ore

319 897 350 957 et
373 891 478 975 specie
501 890 643 955 mirande
666 910 754 974 puer,
779 892 830 954 cui
853 892 980 972 pectore
1003 891 1106 954 uirtus

317 1000 407 1065 firma
429 1005 546 1066 manet.
574 1002 699 1083 iamque
726 999 811 1064 hunc
834 1004 959 1083 poteras
983 999 1035 1062 nel
1059 997 1183 1061 uincere
1210 1017 1326 1081 regem.

317 1108 356 1170 ad
380 1129 473 1190 quem
498 1109 543 1173 sic
566 1106 691 1191 placido
714 1110 815 1173 mater·
840 1126 983 1171 somnone
1005 1106 1112 1169 locuta
1136 1108 1203 1168 cst:

322 1212 374 1287 „Si
398 1214 471 1278 dare
495 1214 665 1295 conplexus
688 1212 782 1275 matri
805 1211 873 1287 tibi,
897 1214 980 1287 nate,
1004 1210 1123 1285 liceret,

320 1319 480 1396 confiteor,
505 1319 565 1383 soli
588 1321 662 1401 post
684 1318 825 1393 uulnera,
850 1320 934 1395 nate,
959 1316 1136 1389 dedissem

229 1466 235 1483 .
319 1425 374 1488 sed
396 1444 447 1488 me
472 1424 549 1488 dura
572 1427 661 1489 uetat
683 1425 848 1506 tristisque
871 1425 1012 1508 potentia
1034 1424 1127 1507 regis.

318 1531 452 1615 deneget
476 1532 648 1613 amplexus,
673 1530 748 1594 dnm
771 1531 814 1595 sit
836 1549 897 1594 uox
919 1530 1018 1594 libera
1040 1529 1131 1593 nobis

318 1640 350 1700 et
372 1637 468 1701 liceat
489 1637 672 1702 meminisse
697 1637 747 1701 dei
769 1637 935 1721 legemque
958 1639 1074 1713 tencre,

319 1763 379 1808 non
404 1763 422 1807 a
444 1763 517 1827 rege
541 1744 657 1821 datam,
682 1743 738 1809 sed
762 1763 856 1826 qnam
880 1744 957 1808 dens
981 1743 1097 1806 arbiter
1120 1743 1203 1807 orbis

316 1849 446 1932 tradidit
469 1853 502 1913 et
523 1849 633 1913 mundi
656 1853 769 1927 rector,
793 1850 963 1930 Mosesque
986 1836 1118 1931 petitam

317 1956 439 2038 accepit
461 1957 642 2039 populoque
667 1956 764 2020 dedit.
789 1956 840 2020 eni
862 1957 999 2019 maxima
1020 1957 1090 2019 lans
1115 1958 1165 2018 est

316 2081 409 2126 nosse
435 2062 539 2139 deum,
562 2063 712 2126 meritum
737 2063 788 2126 cni
811 2082 868 2127 nos
893 2063 1045 2127 debemus
1069 2063 1229 2128 honorem.

317 2171 353 2231 tn
376 2168 471 2233 modo
496 2187 533 2231 ne
558 2167 684 2232 dubites
707 2168 837 2232 monitis
860 2186 969 2249 parere
992 2167 1140 2250 parentis.

317 2276 359 2338 sit
381 2274 474 2358 uigor
497 2277 529 2337 et
551 2275 666 2351 uirtus
690 2274 880 2357 penitusque
904 2275 935 2337 in
959 2279 1085 2356 pectore
1108 2277 1176 2339 toto

314 2399 404 2444 mens
428 2382 554 2443 maneat
575 2379 640 2443 iam
662 2380 756 2462 plena
779 2379 855 2453 deo;
881 2380 923 2443 sit
945 2380 1056 2444 fortior
1078 2384 1175 2457 aetas,

226 2528 232 2547 .
315 2506 409 2569 qnam
432 2504 540 2570 regem
565 2505 689 2568 sperare
712 2486 773 2550 fnit
796 2505 943 2568 superare
966 2485 1138 2552 iubentem.

317 2613 334 2655 o
358 2595 476 2674 quante
499 2581 548 2656 θεῖ
571 2593 685 2669 uirtus
710 2594 828 2674 quanta
850 2595 899 2656 est
921 2592 1038 2656 fidncia
1060 2593 1152 2658 forti!

316 2698 372 2762 sed
394 2698 458 2761 iam
481 2717 519 2761 ne
543 2698 669 2762 dubites
692 2697 813 2762 medias
835 2697 1019 2780 peruincere
1041 2699 1202 2763 flammas:

316 2804 419 2868 uictor
443 2804 514 2875 eris,
538 2804 618 2867 mihi
642 2803 732 2868 crede
755 2823 843 2886 pner,
867 2804 1033 2886 uictorque
1056 2804 1183 2869 redibis.

316 2911 442 2975 ossibus
466 2913 498 2975 et
521 2910 637 2975 ualidis
661 2911 841 2986 miscebunt
864 2930 993 2994 corpora
1015 2912 1114 2987 nerui,

316 3021 458 3082 seruatas
482 3017 603 3082 animas
626 3017 742 3081 iterum
764 3017 796 3080 in
820 3037 903 3082 none
925 3018 1049 3084 uiscera
1070 3018 1211 3082 reddent.

319 3124 375 3188 sed
398 3143 436 3187 ne
460 3124 540 3188 forte
563 3128 669 3188 tamen
693 3123 821 3206 rapidus
844 3126 875 3188 te
899 3127 1014 3189 terreat
1035 3125 1128 3208 ignis

313 3230 445 3293 fratrum
470 3249 559 3294 sume
583 3231 704 3296 animos
729 3233 953 3314 aeternumque
976 3232 1090 3298 inuoca
1113 3241 1257 3296 numen*

314 3337 402 3402 iussa
425 3337 501 3401 facit
524 3336 706 3419 tacitusque
731 3337 825 3401 deum
847 3340 983 3402 testatur
1006 3341 1039 3402 et
1061 3342 1129 3404 orat

314 3461 486 3520 murmure,
511 3464 572 3526 quo
597 3446 731 3526 poterat.
755 3455 889 3527 puerum
912 3465 975 3510 non
997 3445 1131 3528 impedit
1155 3449 1251 3525 actae,

180 3552 245 3612 265
316 3569 376 3612 non
400 3549 509 3613 timuit
532 3553 649 3614 cratem
674 3551 858 3631 expositam,
883 3550 1038 3632 matrique
1061 3553 1181 3616 uolenti

217 3829 268 3881 237
288 3828 331 3895 nol
352 3827 524 3894 ncfuiderc
543 3828 701 3896 Οῖῷῌὲ)
795 3830 846 3882 238
874 3830 1027 3900 perduceris
1045 3831 1073 3882 B
1123 3858 1125 3861 v
1163 3834 1214 3885 241
1237 3833 1331 3902 hincf

100 3991 102 3995 .
177 3917 229 3969 243
260 3916 413 3985 conplexus]
439 3915 462 3968 0
533 3917 584 3969 246
616 3916 770 3986 denegetp
799 3917 917 3987 deneget
941 3940 961 3970 ω
991 3919 1038 3972 sed
1066 3926 1149 3989 neget
1176 3921 1325 3978 Fabricius

176 4005 227 4056 247
255 4004 470 4058 meminissezni
498 4021 531 4057 en
558 4021 592 4058 ne
617 4021 661 4072 pr.
677 4005 705 4058 P
789 4006 841 4060 248
872 4006 964 4060 datam
986 4008 1010 4060 O
1032 4008 1091 4074 (L?
1105 4009 1156 4076 f?)
1183 4010 1327 4071 nateaP

177 4093 228 4145 249
247 4109 352 4163 moyses
362 4095 384 4159 f
453 4093 504 4145 255
524 4091 730 4194 regihCrcgem
745 4093 816 4161 PLs
884 4096 936 4148 257
956 4096 1092 4164 peruicere
1101 4098 1124 4163 f
1192 4099 1330 4167 acernis

177 4206 314 4277 credelml
336 4207 364 4259 P
466 4207 518 4259 259
547 4224 581 4260 ne
592 4207 634 4260 dis
657 4207 684 4258 P
727 4207 878 4262 miscebant
896 4211 919 4276 f
959 4211 1036 4263 nerui
1064 4210 1160 4280 PBLf
1182 4230 1280 4268 neruus
1305 4213 1330 4268 0

177 4293 229 4349 262
262 4313 363 4348 summe
387 4296 414 4347 P
463 4313 514 4364 qne
547 4297 652 4365 innocal
687 4298 822 4366 exposcite
852 4299 877 4350 L
931 4316 1029 4352 numen
1053 4300 1080 4352 L
1111 4319 1209 4356 nomen
1239 4302 1332 4372 OPBf
