3006 4762
518 338 559 390 rlc
587 338 839 391 llIaclrabacis

259 536 422 597 cesserunt
445 533 599 607 flammae,
624 533 721 597 cessit
745 533 834 598 dolor
857 533 968 608 omnis
993 536 1025 596 et
1048 552 1109 595 una

127 640 187 698 2¹5
262 658 375 722 corpus
400 644 432 703 et
455 641 538 723 ignis
562 643 638 716 crat,
663 659 776 722 corpus
801 643 1005 723 superauerat
1027 640 1141 722 ignem.

259 746 390 828 spiritus
416 750 487 810 aute
511 750 617 810 tamen
641 747 781 830 placidas
807 750 1010 829 superauerat
1032 766 1133 810 arnas.

301 851 398 914 Laeta
423 852 509 915 dolet
531 853 627 916 tacite
650 855 760 928 mater,
784 871 955 934 pressoque
980 852 1085 915 clolore

257 957 389 1033 laetitia,
414 960 584 1040 luctusque
609 978 684 1023 suos
708 958 739 1022 iu
764 959 880 1041 gaudia
903 959 1009 1023 uertit.

254 1085 318 1128 uon
343 1065 380 1128 de
404 1065 581 1147 praeteritis
607 1065 662 1130 sed
686 1065 724 1129 cle
747 1064 922 1147 puerilibus
947 1066 1035 1129 annis

127 1173 191 1233 276
261 1171 315 1251 qui
340 1175 499 1254 superant,
524 1171 664 1236 neforto
689 1173 813 1253 negent.
838 1190 876 1234 ue
900 1173 979 1235 forte
1002 1172 1147 1236 timorem

258 1278 437 1360 concipiant
461 1279 583 1353 animis,
608 1297 777 1360 regemque
802 1280 971 1342 accendere
995 1280 1115 1343 malint.

257 1405 318 1464 quo
343 1385 446 1448 minor
469 1387 518 1449 est
542 1387 637 1461 aetas
664 1384 762 1448 maior
785 1387 900 1448 metus.
926 1385 1015 1447 auxia
1038 1405 1145 1449 secum

258 1491 373 1554 diuidit
397 1496 428 1554 et
452 1510 552 1555 curas.
578 1494 610 1554 et
633 1509 716 1572 spes,
742 1494 774 1554 et
797 1491 843 1554 sic
866 1491 961 1554 timor
983 1510 1044 1554 una

257 1598 427 1662 luctantur.
451 1597 624 1679 matrisque
648 1597 717 1678 piae
740 1616 796 1679 per
819 1597 941 1660 uiscera
964 1602 1100 1662 cursant.

150 1704 185 1759 's'
260 1723 332 1786 spes
355 1706 461 1767 tamen
487 1708 536 1767 est
559 1703 670 1767 melior
693 1707 800 1766 uatum
825 1707 862 1766 ut
884 1703 1053 1785 producere
1078 1705 1168 1782 uiclit,

258 1814 290 1873 et
313 1811 424 1892 procul
446 1811 560 1874 intrare
585 1811 677 1876 uideo
703 1811 778 1892 quid
802 1811 904 1893 possit
926 1811 957 1874 iu
981 1812 1043 1875 isto

255 1935 327 1997 spes
352 1916 491 1980 conferre
515 1916 603 1982 milri.
627 1917 738 1981 uultus
763 1935 933 2000 agnoscere
957 1921 1081 1982 nostros

257 2022 362 2098 debet,
387 2026 418 2087 et
441 2023 492 2086 lric
516 2024 647 2086 fratrum
671 2043 800 2088 numero
824 2025 931 2105 parere
956 2042 1095 2088 suorum.

256 2129 386 2192 forsitan
411 2130 494 2194 huuc
519 2132 623 2195 solum
647 2129 779 2212 puerilia
802 2133 927 2212 pectore
950 2134 1091 2214 tangent.

256 2235 445 2318 indigneque
469 2236 557 2312 feret,
582 2235 666 2317 quod
690 2236 736 2300 sic
759 2236 849 2299 uelut
872 2236 975 2301 hostia
1000 2238 1100 2300 cletur.

257 2342 408 2423 alloquar,
433 2347 465 2406 ct
488 2343 597 2425 paucis
622 2343 758 2408 conabor
781 2342 883 2406 dicere
907 2344 1032 2407 uerbis:

256 2448 298 2510 sit
321 2469 441 2514 mernor
464 2453 501 2513 ut
523 2450 630 2531 potius
653 2450 787 2532 generis,
812 2468 906 2530 quam
929 2451 1080 2531 temporis
1105 2452 1218 2518 liuius:

256 2555 284 2618 si
306 2558 338 2618 te
362 2556 511 2620 nobilitas
535 2557 668 2640 generis,
695 2558 721 2620 si
744 2556 848 2638 tangit
871 2555 968 2638 origo.

255 2662 376 2743 respice
400 2665 472 2726 nate
496 2657 583 2728 tuoss
605 2666 637 2726 et
659 2683 717 2728 nos
741 2684 865 2746 quoque
889 2665 1010 2747 respice
1034 2668 1116 2729 nate.

122 2773 130 2795 ⁴
158 2773 181 2825 '5
255 2767 320 2832 noli
344 2787 440 2832 anuos
464 2787 636 2833 memorare
660 2772 744 2843 tuos
768 2789 846 2852 puer
868 2771 970 2853 incipe
994 2771 1102 2834 furtim
1190 2788 1194 2795 ·

254 2877 379 2957 pectore
403 2874 482 2938 ferre
506 2876 610 2950 deum,
635 2875 759 2939 tradent
782 2876 841 2941 hoc
865 2879 972 2941 secula
996 2878 1090 2941 seclis

257 2983 340 3063 quod
363 2985 419 3045 tna
443 2985 527 3046 sorte
550 2981 651 3064 petis:
677 2981 730 3045 det
753 3001 836 3046 nuuc
860 2983 1001 3064 exempla
1023 2982 1138 3046 futuris

253 3088 458 3169 temporibus.
485 3087 563 3151 dona
588 3090 620 3152 te
644 3108 753 3170 precor
776 3110 900 3171 quoque
925 3090 1060 3171 amplius
1084 3089 1136 3153 hic
1160 3095 1218 3154 est.

155 3350 207 3400 266
226 3349 395 3418 superiuerat
498 3351 549 3404 267
569 3352 720 3420 pressitque
740 3351 859 3404 dolorem
958 3351 1009 3403 271
1029 3351 1118 3420 regiq;
1138 3350 1263 3404 accedere

118 3438 171 3489 276
190 3437 335 3492 intrantem
373 3438 480 3492 uideam
539 3439 590 3493 278
610 3440 722 3494 fratrum
742 3445 770 3493 et
789 3457 898 3493 numero
977 3439 1029 3493 285
1049 3439 1150 3509 furtim]
1171 3456 1263 3493 uerum

117 3527 170 3580 287
192 3530 224 3582 tu
247 3528 316 3583 forte
353 3527 400 3581 cles
491 3528 543 3582 288
567 3528 798 3598 donate-quoque]
822 3528 921 3581 mundo
947 3528 1018 3598 quod
1042 3545 1114 3582 ames
1139 3528 1178 3581 nil
1213 3527 1264 3581 hoc

153 3687 277 3784 26401118
351 3731 402 3783 266
422 3733 480 3782 erat
498 3728 546 3782 sed
565 3746 660 3799 corpus
729 3731 781 3783 267
799 3731 891 3784 tacitis
959 3730 1011 3783 269
1031 3729 1078 3783 sed
1097 3729 1140 3799 de]
1160 3728 1193 3782 cle
1213 3746 1263 3784 om.

116 3818 170 3873 270
188 3820 284 3873 timore
358 3818 408 3872 271
430 3818 518 3871 animo
538 3817 649 3887 regique
722 3817 774 3871 272
795 3818 866 3889 quod
903 3819 963 3872 axia
1035 3819 1088 3872 273
1107 3821 1136 3871 et
1153 3817 1263 3871 Incuras

115 3908 154 3960 sic
173 3924 224 3961 ora.
297 3909 349 3960 274
369 3910 478 3961 currunt
550 3905 602 3960 275
620 3906 766 3977 producere
785 3906 864 3976 uidit]
885 3906 1059 3976 procederent
1131 3908 1183 3960 276
1202 3924 1263 3976 pro·

117 3995 242 4049 culiterre
262 4014 306 4049 cor
324 3995 404 4048 uideo
488 3996 538 4048 277
559 4013 705 4064 agnuscere
788 3997 839 4050 278
858 4013 983 4050 numerus
1065 3997 1116 4049 279
1135 3996 1215 4067 huno]
1236 4000 1264 4050 et

116 4082 187 4137 huno
223 4087 321 4153 tangat
375 4085 427 4139 280
442 4086 511 4138 ferat
565 4083 615 4138 281
632 4084 763 4154 adloquar
799 4086 890 4154 paucis
905 4085 949 4138 hic
964 4085 1080 4139 conabor
1134 4086 1186 4140 284
1200 4089 1263 4139 tuos

116 4173 145 4223 ot
171 4171 230 4240 nos]
259 4176 306 4225 tuo
334 4173 433 4226 israhel
542 4173 594 4229 285
620 4174 740 4243 incipisti
767 4175 832 4228 forti
940 4175 992 4228 286
1021 4175 1142 4230 seculum
1166 4177 1263 4245 seculis

116 4258 168 4311 287
188 4259 260 4329 quod
278 4264 326 4314 tua
344 4261 422 4314 fortis
441 4267 499 4331 etas
520 4267 547 4315 et
565 4278 635 4315 nune
