3006 4762
210 275 273 338 1ῗῆ
518 273 710 342 Cypriani
736 271 1032 340 heptatuebos

286 465 332 529 23
371 483 382 533 1
407 466 526 528 interea
549 466 645 548 longo
668 478 759 527 uetes
782 464 845 527 iam
868 463 974 527 senisu
995 482 1075 526 aeuo

370 588 388 638 2
410 571 548 634 accitum
571 570 724 652 populum
748 570 878 633 monitis
899 569 1049 634 fidelibus
1071 570 1189 652 inplet:

413 676 568 755 ,Cernitis
591 690 638 742 ut.
661 677 760 741 ciues.
783 696 835 740 me
857 677 920 738 inm
943 677 1100 760 longaeua
1121 688 1270 741 senectus

208 785 273 846 525
408 783 553 867 ingmuet
576 795 608 846 et
632 795 721 846 motu
744 781 909 845 tardentur
929 781 1071 845 membra
1093 801 1260 864 supreme:

367 907 385 958 3
408 895 441 953 et
463 909 546 953 nunc
571 890 623 952 uel
646 908 769 953 moneo.
793 889 856 955 uel
879 889 908 953 si
931 908 992 953 non
1015 888 1174 972 displicet.
1197 909 1262 954 oro.
1332 936 1337 940 -

411 1008 447 1061 nt
470 1003 576 1062 uestra
599 998 641 1061 sit
665 998 732 1060 uits
755 995 845 1061 deus.
868 995 929 1060 ler.
951 1014 1077 1078 semper
1097 996 1130 1059 in
1153 1015 1217 1061 ore.

408 1113 440 1167 et
463 1123 543 1185 quae
566 1102 758 1185 praestiterit
780 1101 873 1165 nobis
895 1101 1082 1182 cunctisque
1104 1110 1270 1183 parentum

408 1211 563 1293 patribus.
587 1210 717 1273 euuluat
739 1208 873 1273 memori
895 1209 1052 1272 sententia
1074 1208 1153 1271 latu.

368 1333 386 1383 4
410 1334 545 1396 namque
567 1315 650 1378 feras
672 1320 796 1397 gentes.
818 1331 952 1394 quarum
975 1331 1058 1376 nunc
1080 1332 1177 1396 regna
1199 1314 1325 1378 tenetis.

409 1441 471 1486 non
494 1420 621 1504 gladius
644 1419 767 1483 domuit
790 1424 908 1483 noster
931 1438 993 1482 non
1015 1420 1150 1501 perculit
1172 1438 1276 1484 arcus.

407 1527 464 1592 sed
487 1527 645 1593 dominus.
668 1526 724 1607 qui
746 1525 838 1608 signa
859 1525 933 1607 pius
956 1544 1133 1608 agmenque
1155 1527 1299 1609 praeiuit.

410 1632 632 1716 praegrediens
650 1635 785 1696 nosmet.
803 1630 952 1712 quotiens
974 1630 1010 1693 tlt
1033 1631 1212 1695 comminus
1229 1631 1352 1707 bostis3

369 1759 387 1809 5
409 1740 465 1823 qui
487 1740 622 1822 populos
644 1742 751 1802 tantos
773 1737 877 1820 gelida
901 1737 1068 1802 tormidine
1089 1739 1188 1802 missa

409 1845 550 1910 subdidit
573 1864 609 1908 ac
631 1864 723 1928 reges
745 1845 849 1909 uoluit
872 1845 1079 1909 succumbere
1101 1845 1211 1909 nobis:

410 1953 527 2035 quique
550 1970 662 2033 parans
684 1970 805 2015 uacuos
827 1952 945 2016 nostris
967 1952 1145 2016 cultoribus
1167 1971 1260 2035 agros

411 2061 486 2140 post
506 2057 628 2120 bellum
651 2062 745 2139 atque
768 2077 854 2122 arma
876 2058 960 2121 ieras
981 2076 1183 2140 prorumpere
1205 2058 1311 2123 iussit.

410 2170 446 2227 ut
469 2164 623 2245 reliquom
646 2168 768 2246 partem
792 2163 958 2229 conductis
980 2163 1140 2228 morsibus
1162 2172 1278 2229 essent.

409 2288 483 2352 ergo
507 2270 591 2352 agite
614 2275 646 2333 et
668 2274 801 2352 pontum
825 2270 979 2334 siccatum
1002 2269 1115 2334 discite
1137 2271 1230 2335 uobis

409 2375 597 2458 insuetoque
620 2376 715 2442 modo
737 2377 872 2440 fluuium
896 2377 1029 2441 sistente
1051 2382 1158 2442 meatu

410 2485 602 2546 concretum.
625 2484 731 2547 tenuis
754 2484 944 2547 sinendum
967 2483 1104 2566 desuper
1125 2484 1209 2548 unda

408 2587 574 2671 stringitur
595 2588 626 2651 in
651 2589 785 2673 glaciem
809 2589 947 2654 calidum
970 2589 1081 2653 durata
1102 2609 1159 2672 per
1180 2594 1322 2654 aestum:

408 2702 444 2757 nt
467 2695 545 2758 deus
568 2695 702 2759 inmensi
724 2716 781 2778 per
802 2697 908 2760 saecla
928 2696 1070 2780 ingentia
1091 2696 1168 2760 lacti

410 2802 545 2885 ascipiat
566 2802 696 2865 meritas
718 2800 840 2866 laudes.
864 2800 940 2865 dum
963 2820 1100 2867 consona
1122 2804 1236 2885 plausu

409 2909 518 2992 lingua
540 2910 623 2973 canit
647 2909 691 2972 nil
714 2928 784 2973 esse
807 2909 902 2972 deum
926 2909 1096 2973 sublimius
1119 2929 1193 2974 uno.

368 3030 385 3082 o
408 3014 540 3099 pergite.
564 3035 626 3097 quo
650 3015 739 3079 ducit
761 3014 874 3080 docilis
897 3016 1054 3080 sententia
1075 3017 1175 3100 legis:

370 3140 385 3192 7
409 3141 448 3185 ne
472 3121 569 3185 uariis
592 3126 683 3185 actus
707 3122 767 3185 sub
789 3120 921 3186 flexibus
944 3121 1083 3185 ambitus
1106 3129 1198 3187 erret.

290 3231 386 3299 2414
410 3229 495 3294 idola
518 3226 606 3292 nulla
627 3226 732 3290 uirum
756 3226 882 3291 deuicta
904 3246 940 3290 er
963 3232 1058 3310 gente
1082 3229 1250 3312 supersint.

410 3333 622 3416 sitdominus
645 3333 738 3397 uobis
761 3333 840 3397 deus
863 3331 980 3397 arduus
1004 3337 1036 3396 et
1058 3333 1136 3398 deus
1160 3334 1282 3416 ingens.

244 3495 297 3549 522
316 3495 388 3551 ustis
402 3494 428 3547 L
483 3494 536 3547 523
554 3493 650 3562 implet
663 3495 689 3547 A
744 3492 795 3544 525
815 3496 843 3544 et
861 3508 912 3545 oon.
927 3491 953 3544 L
973 3491 1038 3545 add.
1054 3513 1071 3544 π
1107 3490 1237 3545 ardentm
1248 3508 1351 3561 comp

208 3581 350 3654 subpremo
367 3585 392 3637 B
448 3583 534 3650 otrs.
550 3587 640 3635 uestro
650 3600 672 3649 p
726 3581 779 3634 529
793 3580 927 3652 patribus]
941 3580 1136 3651 parentibusB
1188 3581 1351 3635 53llieraB

208 3666 327 3728 teN'dris
343 3673 369 3726 B
423 3672 476 3726 532
487 3671 664 3741 quopraeiuit
678 3692 695 3724 π
715 3670 761 3739 qui
780 3669 884 3740 spreuit
897 3670 924 3722 A
943 3670 1003 3739 quis
1021 3669 1111 3740 preuit
1124 3670 1151 3722 B
1210 3669 1264 3724 533
1283 3687 1351 3739 quo·

208 3759 260 3812 ties
283 3760 309 3812 A
338 3760 467 3829 quotilles
490 3759 517 3811 R
562 3759 700 3813 conminus
726 3759 750 3810 B
848 3757 901 3812 535
928 3755 1037 3810 subdita
1064 3774 1160 3827 greges
1183 3757 1209 3810 L
1236 3774 1305 3812 corr.
1333 3780 1351 3811 x

210 3846 261 3900 586
281 3845 469 3900 culturibusL
554 3846 606 3901 537
626 3850 707 3916 atque
722 3846 749 3898 A
768 3820 855 3915 adque
871 3845 897 3897 B
915 3847 1031 3915 postque
1045 3865 1062 3895 s
1146 3845 1199 3898 538
1217 3845 1350 3900 morsibus

207 3938 299 3988 essent
317 3934 477 3989 abscissarl
533 3935 585 3990 539
604 3934 699 3989 discite
714 3953 731 3986 rt
750 3933 832 3987 dicite
847 3933 873 3986 J,
936 3920 987 3987 541
1006 3933 1126 3987 tenuisse
1144 3951 1173 3986 se
1191 3933 1309 3988 nondum
1323 3936 1350 3989 L

207 4037 275 4076 corr.
282 4039 305 4090 p
340 4025 392 4077 545
403 4039 442 4076 ao
451 4022 521 4077 deo?
549 4021 887 4093 sublimiustlnaPcrgitc
903 4040 919 4071 π
956 4023 1008 4076 546
1023 4021 1245 4079 dociliLcorr.s
1263 4023 1478 4118 legium·585

209 4110 260 4164 547
280 4110 315 4164 ob
334 4110 387 4165 leuc
404 4128 431 4165 u.
454 4112 477 4165 C
487 4114 514 4179 s.
535 4116 573 4164 96
590 4128 617 4166 u.
637 4128 677 4165 eze.
715 4117 786 4165 esset
805 4130 822 4162 π
918 4111 970 4164 548
989 4109 1097 4164 deuicta
1116 4127 1147 4165 er
1166 4114 1204 4181 gl
1223 4112 1256 4166 de
1275 4115 1349 4169 uicta
1378 4146 1449 4191 sm:
1469 4099 1503 4181 ,’,ι

207 4201 290 4268 gente
309 4217 325 4249 π
380 4199 444 4253 deus
462 4199 548 4254 (Idus
566 4200 588 4252 Ι,
1385 4205 1449 4260 L:
1468 4214 1503 4252 ..¹
