3006 4762
626 253 876 307 Prooemium.

233 430 271 494 de
295 431 451 495 sententia
474 431 534 507 dei.
559 431 597 495 de
621 432 742 497 diluuio
767 432 885 507 mundi,
911 433 948 496 de
972 433 1117 517 originali
1136 438 1277 517 peccato.
1298 435 1338 499 de

234 537 369 601 transitu
392 538 488 602 maris
512 539 607 605 rubri.
632 542 664 602 et
688 539 725 602 de
750 539 962 622 enigmatibus
986 541 1144 604 uariarum
1167 561 1282 606 rerum.

232 644 478 709 Bobiensium
511 647 615 709 autem
647 646 799 711 libromm
831 665 980 711 recensus
1014 667 1038 710 3.
1068 648 1107 713 X.
1137 648 1336 730 conscriptus

147 750 279 834 (Becher
301 772 331 833 p.
356 753 398 816 69
422 772 452 816 n.
478 751 555 837 409)
579 753 707 817 breuius
731 754 809 817 haec
834 753 879 817 sio
903 754 1131 836 conplectitur:

276 858 392 922 librum
407 859 423 921 Ι
436 859 468 922 in
483 859 584 923 ueteri
597 861 788 924 testamento
808 860 1022 942 conscriptum
1040 861 1170 924 metrice
1185 860 1217 944 ¹).
1229 861 1261 924 in
1276 881 1341 943 quo

236 963 435 1029 continentur
456 965 529 1030 libri
552 965 716 1030 Alchimi
740 970 771 1029 et
796 965 959 1031 Catonis.

234 1070 345 1152 ltaque
364 1071 396 1134 in
412 1072 583 1137 Nazariano
603 1073 700 1137 habes
716 1071 905 1155 Cyprianum
925 1092 997 1136 cum
1017 1073 1161 1150 adseclis,
1181 1073 1342 1137 Alcimum

146 1177 279 1242 Auitum
296 1179 465 1260 integrum,
494 1180 656 1243 Dracontii
670 1180 886 1263 Eugenianam
903 1180 1083 1255 editionem,
1100 1180 1341 1255 Columbanum

148 1283 227 1348 alios
251 1303 363 1348 uersus
388 1304 482 1367 quam
505 1287 678 1368 plurimos;
712 1288 744 1349 in
770 1286 969 1351 cluniacensi
994 1285 1168 1368 Cyprianea
1196 1286 1234 1348 ad
1258 1285 1341 1351 Aloi-

147 1409 235 1454 mum
258 1392 447 1473 transcripta
457 1390 494 1476 ²),
518 1392 599 1456 inter
623 1393 765 1456 adseclas
789 1396 912 1474 praeter
929 1392 1190 1473 Paralipomenon
1215 1392 1344 1473 adparet

147 1497 267 1562 Probae
292 1501 383 1563 cento
406 1499 530 1582 plenus,
556 1502 731 1581 sequuntur
754 1499 870 1563 Alcimi
893 1499 981 1562 Auiti
1004 1499 1077 1562 libri
1104 1499 1189 1562 haud
1213 1499 1279 1562 scio
1303 1517 1342 1561 an

146 1603 265 1667 librarii
289 1623 390 1670 errore
413 1607 539 1670 turbato
565 1605 672 1669 ordine
705 1606 869 1688 primoque
898 1608 930 1668 et
957 1606 1070 1669 ultimo
1101 1605 1245 1670 omissis:
1280 1624 1343 1669 non

147 1712 328 1774 recensetur
346 1730 447 1793 neque
470 1712 661 1777 Dracontius
685 1731 786 1794 neque
816 1711 1042 1778 Columbanus.
1072 1712 1128 1776 sed
1157 1731 1192 1774 ex
1214 1711 1344 1776 incertis

147 1817 302 1892 uersibus,
328 1837 408 1898 quos
426 1818 619 1901 Nazarianus
639 1819 740 1883 adfert
751 1818 785 1903 ³).
810 1824 970 1902 ponuntur
989 1820 1167 1902 aenigmata
1184 1819 1344 1881 uariamm

146 1942 251 1988 rerum
273 1923 322 2009 (ut
344 1927 423 2007 puta
446 1924 635 2008 Symphosii,
650 1926 821 2003 Aldhelmi.
846 1946 926 2010 quae
950 1946 1022 1991 oum
1045 1927 1165 1991 Probae
1190 1927 1344 2008 opusculo

148 2029 223 2094 olim
246 2031 414 2095 coniuncta
432 2030 567 2116 erant4)‚
593 2032 748 2117 aliomm).
769 2034 882 2098 tertius
903 2034 1036 2115 denique
1055 2032 1221 2097 Bobionsis
1240 2032 1347 2114 priora

148 2137 253 2201 omnia
271 2138 397 2202 nomine
416 2138 532 2202 Alcimi
552 2142 721 2223 conplexus
740 2141 971 2224 aenigmatibus
986 2140 1131 2222 adiungit
1146 2138 1295 2203 Catonem
1309 2136 1345 2222 ⁵).

149 2261 224 2306 num
262 2246 332 2325 quis
362 2245 531 2309 dubitabit«
548 2247 623 2327 quin
651 2247 684 2310 hi
712 2251 777 2311 tres
805 2247 878 2310 libri
907 2245 1015 2309 eadem
1048 2263 1176 2327 prorsus
1211 2244 1351 2306 carmina

150 2350 317 2416 habuerint
341 2355 434 2435 atque
459 2355 554 2417 etiam
576 2355 668 2436 plura
691 2373 786 2435 quam
810 2353 946 2435 catalogi
971 2350 1165 2434 exhibent),
1190 2368 1268 2430 quos
1294 2351 1349 2430 qui

150 2463 393 2540 conposuerunt,
419 2461 543 2543 singula
565 2479 727 2525 recensere
756 2459 1017 2542 supo1·sedernnt;
1047 2457 1108 2521 nisi
1136 2457 1217 2521 forte
1240 2456 1272 2518 in
1298 2475 1347 2520 ex-

149 2568 249 2628 trema
275 2567 363 2646 parte
391 2567 542 2631 librorum
572 2567 632 2630 alia
659 2568 691 2630 in
720 2569 781 2633 alio
809 2568 889 2630 libro
920 2565 1056 2629 carmina
1089 2567 1144 2626 aut
1178 2563 1349 2643 absumpta

150 2675 225 2734 sunt
247 2673 331 2735 mala
353 2672 479 2736 fortuna
503 2676 558 2736 aut
581 2674 707 2737 aliunde
732 2674 846 2737 addita.

238 2780 327 2844 Aeuo
357 2782 462 2842 autem
493 2779 636 2868 Carolino
666 2779 851 2863 Wighodo
880 2780 934 2843 uel
961 2776 1138 2842 Wicbcdus
1171 2775 1347 2857 presbyter.

154 2884 201 2950 Sti
219 2886 344 2949 Nazarii
367 2890 404 2950 ut
426 2887 554 2950 uidetur
576 2887 751 2963 familiaria,
772 2885 972 2966 quaestiones
998 2902 1102 2947 sacras
1122 2880 1289 2962 conposuit
1309 2880 1347 2943 de

151 2992 362 3072 heptateucho
376 2991 411 3074 ⁷),
436 3012 514 3074 quos
536 2993 646 3058 Oarolo
670 2993 737 3076 regi
756 2991 941 3074 inscripsit3
967 3009 1019 3054 333
1040 2990 1203 3070 catalogus
1222 2986 1347 3049 Lauris-

150 3098 252 3162 sensis
275 3099 325 3163 his
349 3101 455 3163 uerbis
478 3101 614 3164 indicat:

198 3321 217 3385 ¹)
239 3320 271 3374 de
281 3320 427 3375 Dracontio
438 3321 482 3373 uel
495 3320 612 3373 Amoeuo
623 3317 762 3388 cogitabat
771 3317 796 3370 J.
802 3315 1038 3369 Huemer.Wiene1·
1049 3311 1164 3366 Studien
1174 3309 1243 3362 1885
1253 3308 1346 3377 patr.

202 3410 221 3478 ²)
240 3427 336 3479 nempe
354 3411 383 3462 in
401 3409 482 3462 titulo
498 3406 609 3470 codicis3
631 3407 735 3459 namin
751 3402 1000 3473 subscriptionibus,
1019 3401 1090 3470 quod
1104 3399 1167 3452 libri
1185 3398 1271 3450 nostri
1284 3414 1346 3466 pro-

238 3498 313 3561 bant,
333 3498 432 3565 ubique
452 3497 508 3549 sine
529 3495 610 3548 dubio
635 3493 761 3563 Cypriani
785 3509 882 3545 nomen
900 3489 1051 3560 legebatur,
1070 3491 1100 3540 ut
1118 3486 1220 3555 legitur
1237 3485 1264 3538 in
1286 3484 1346 3539 LO.

200 3593 221 3654 ³)
241 3590 270 3641 in
289 3587 383 3641 eodem
402 3585 525 3654 catalogo
546 3600 576 3638 ex
595 3583 651 3637 cod.
671 3583 723 3635 453
742 3584 871 3635 notantur
892 3578 1027 3645 „eiusdem
1049 3579 1094 3643 (33.
1114 3575 1222 3628 Paulini
1236 3574 1347 3641 Potrio)

240 3693 357 3730 uersus
377 3692 472 3744 quam
490 3672 627 3743 plurimi
645 3671 679 3725 id
699 3675 740 3725 est
758 3670 853 3723 LXX.“

201 3769 222 3832 ⁴)
243 3767 275 3819 of.
296 3766 470 3821 Schenkelius
487 3764 576 3818 Proba
594 3782 620 3833 p.
640 3763 699 3816 523.

202 3860 221 3923 ⁵)
243 3859 327 3912 sicin
346 3857 436 3910 codice
456 3855 577 3910 Tullensi
595 3870 621 3906 n.
643 3853 693 3905 176
713 3850 825 3917 (Becker
844 3866 869 3918 p.
889 3847 952 3915 152)
973 3849 1031 3898 erat
1051 3844 1192 3911 „Seduhus
1207 3857 1266 3894 cum
1282 3838 1346 3894 Gat-

241 3951 305 4001 tone
325 3951 354 4000 et
371 3945 492 4016 pluribus
512 3942 735 4013 aenigmatibus,“
756 3940 785 3993 in
812 3936 944 4007 Augiensi
971 3952 997 3988 n.
1026 3933 1077 3986 320
1106 3930 1219 3987 (Becker
1246 3946 1272 3998 p.
1302 3927 1347 3995 10)

243 4039 373 4103 „metrum
391 4035 469 4088 Porci
488 4033 598 4090 Catonis
618 4035 646 4085 et
664 4031 819 4100 aenigmata
838 4024 997 4082 Ciceronis.“

202 4127 222 4198 ⁶)
243 4144 264 4182 e.
285 4143 311 4196 g.
330 4128 450 4180 carmina
469 4124 501 4177 de
521 4122 636 4177 Sodoma
656 4121 776 4180 eblone,
797 4117 829 4170 de
849 4115 946 4186 quibus
964 4111 1035 4165 infra
1054 4112 1157 4178 agetur.

202 4217 222 4288 l)
241 4220 288 4272 uel
306 4213 472 4277 octateucho,
492 4229 545 4281 qua
564 4210 596 4264 de
615 4226 643 4263 re
663 4208 718 4262 uid.
739 4206 773 4260 ad
791 4205 904 4260 Auitum
922 4220 949 4272 p.
967 4200 1029 4256 LVI
1048 4216 1075 4252 n.
1093 4197 1118 4263 4,
