3006 4762
154 308 216 370 XII
624 327 870 380 Prooemium.

152 503 376 565 Gentulensem
400 503 491 565 illum
515 503 743 586 Wigbodianae
768 504 982 576 conlectionis,
1007 524 1100 586 quem
1125 507 1289 589 catalogus
1315 525 1345 569 a.

152 609 213 671 831
245 609 407 674 coniectus
435 610 563 687 indicat,
588 611 684 673 aliurn
714 630 837 692 quoque
865 611 918 674 nel
942 612 1020 676 alios
1045 611 1190 693 Cypriani
1215 613 1343 677 codices

151 713 183 776 in
208 714 255 779 Sti
278 715 417 779 Richarii
442 717 522 780 aella
543 721 613 781 tum
636 718 735 782 fuisse
760 718 913 800 suspicari
935 719 1019 782 lieet.

238 820 383 883 Aliorum
416 821 577 888 librorum.
612 824 665 903 qui
697 823 895 887 intercidisse
923 823 1080 898 uidentur,
1115 826 1227 909 exigua
1260 829 1348 889 extat

150 946 310 990 mamona.
806 991 807 994 ,

241 1034 483 1098 Carteiensis
507 1036 634 1117 quidam
660 1038 939 1102 aMonteialconio
958 1059 989 1120 p.
1012 1039 1097 1100 1408
1117 1038 1138 1098 d
1156 1037 1348 1102 describitur

150 1140 182 1202 in
210 1142 355 1223 catalogo
381 1160 475 1222 quem
498 1142 545 1205 illi
568 1143 698 1206 miserat
720 1144 821 1225 ipsius
845 1144 1027 1208 monasterii
1049 1144 1156 1208 Prior:
1182 1143 1349 1218 „Carmina

149 1247 282 1311 quenci
321 1249 353 1310 in
390 1251 484 1313 uetus
520 1252 758 1325 testamentum,
798 1251 913 1330 quibus
952 1250 1127 1314 succedunt
1168 1251 1347 1333 categoriae

150 1354 353 1420 Aristotelis:
380 1356 447 1419 cod.
471 1356 602 1420 membr.
628 1376 652 1422 6.
677 1357 735 1421 X.“
762 1357 936 1420 iuuencum
959 1377 1014 1438 pro
1036 1358 1189 1439 Cypriane
1203 1357 1348 1439 positum

150 1466 227 1544 puto
255 1462 293 1524 ab
318 1462 439 1527 eodem.
465 1464 574 1543 quiin
600 1463 781 1526 Gorbeiensi
805 1462 937 1528 Genesis
961 1464 1041 1527 libro
1069 1464 1201 1527 quenci
1229 1482 1347 1528 nomen

148 1568 288 1632 intrusit.

239 1676 320 1738 Phil.
356 1675 500 1740 Labbeus
534 1677 625 1740 Noua
657 1676 849 1739 bibliotheca
880 1695 955 1739 mss.
984 1675 1083 1738 Paris.
1115 1676 1200 1742 1653
1223 1677 1350 1757 p.·57:

154 1783 298 1853 „Alcimi
314 1783 367 1858 ait,
384 1802 476 1865 opera
499 1783 624 1864 poetica
646 1782 784 1847 nondum
810 1783 893 1845 edita
915 1782 946 1845 in
966 1782 1154 1857 Leuiticum
1174 1781 1345 1862 Numeros,

150 1889 433 1953 Deuteronomium
454 1892 486 1952 et
508 1889 606 1973 libros
626 1890 719 1953 Iosue
743 1908 778 1952 ae
798 1888 942 1951 iudicum
961 1888 1155 1970 proferemus
1174 1889 1206 1951 in
1225 1889 1345 1977 iucem.

152 1995 196 2057 Ex
219 1996 419 2078 Apographis
444 2016 519 2062 mss.
546 2015 582 2059 eo
606 1996 789 2078 praesertim
819 1996 902 2077 quod
930 1995 1115 2060 Theodori
1143 1997 1347 2062 Pulmanni

151 2099 184 2187 [†
211 2101 306 2188 1590]
327 2123 422 2166 manu
443 2104 636 2185 descriptum
656 2104 778 2184 sibique
798 2104 836 2167 ab
855 2103 1033 2166 Abrahamo
1054 2101 1172 2167 Ortelio
1193 2103 1345 2167 donatum

150 2209 281 2272 miserat
299 2211 362 2273 huo
382 2211 459 2273 alias
479 2211 515 2272 R.
535 2211 569 2274 P.
590 2212 730 2274 Andreas
746 2210 897 2274 Sohottus
914 2209 984 2274 Soc.
1002 2213 1126 2273 nostrae
1141 2210 1342 2292 Presbyter.“

149 2315 222 2379 Non
238 2316 418 2380 indicantur
432 2317 524 2398 prinu
543 2317 615 2380 libri
631 2316 763 2381 Genesis
779 2323 811 2380 et
825 2317 969 2390 Exedus3
990 2316 1072 2379 nnde
1089 2315 1166 2380 olim
1181 2315 1345 2379 diuersum

149 2422 188 2483 ab
219 2422 335 2486 nostris
364 2422 453 2493 libris
477 2421 575 2485 ABG
598 2424 696 2487 fuisse
725 2424 937 2504 librumque
965 2423 1114 2486 utebatur
1135 2422 1345 2499 Pulmannua

150 2528 289 2592 conieci:
315 2528 371 2592 sed
394 2531 510 2605 tamen,
535 2548 607 2593 oum
628 2529 760 2595 Genesis
781 2532 813 2593 et
831 2529 915 2611 prior
932 2547 1003 2611 pars
1023 2527 1121 2590 Exodi
1143 2528 1179 2590 in
1203 2527 1346 2591 Laudu-

150 2635 259 2697 nensi
278 2636 399 2700 altero
420 2634 477 2720 (B)
498 2636 722 2713 desiderentur,
738 2637 844 2700 nescio
860 2655 897 2698 an
914 2655 949 2698 ex
963 2635 1023 2699 hoc
1034 2635 1089 2697 ille
1105 2634 1345 2716 deprompserit.

238 2741 348 2823 Neque
369 2743 447 2806 alios
458 2747 580 2818 praeter
594 2744 817 2808 Laudunenses
831 2743 928 2806 libros
944 2741 1092 2805 hahuisse
1108 2741 1346 2806 Sirmondum

149 2847 193 2930 (in
229 2849 312 2912 notis
340 2841 384 2912 'ad
417 2850 559 2914 Auitum.
595 2850 624 2913 S.
658 2849 747 2912 Auiti
780 2868 909 2931 operum
941 2848 988 2912 ed.
1024 2850 1109 2911 1643
1141 2869 1171 2930 p.
1207 2847 1248 2911 63
1282 2826 1345 2932 66.)

150 2957 348 3022 crediderim.
374 2956 428 3037 qui
454 2956 590 3020 Genesin
615 2957 741 3037 quidem
764 2976 825 3020 non
849 2955 999 3031 nominat,
1029 2954 1084 3018 sed
1112 2955 1143 3018 in
1169 2957 1345 3019 ceterorum

148 3061 298 3126 librorum
335 3063 473 3126 numeris
508 3062 545 3125 ad
577 3063 802 3126 Laudnnenses
838 3061 967 3143 propius
1005 3060 1136 3135 aceedit,
1174 3079 1269 3141 quam
1306 3060 1347 3125 ad

149 3167 455 3252 Cantabrigiensem.
481 3189 552 3232 nam
571 3170 728 3233 Numeros
748 3170 875 3251 quidem
894 3169 948 3231 ille
969 3169 1033 3231 689
1053 3187 1164 3232 uersus
1185 3167 1345 3232 continere

28 3357 31 3364 .
151 3275 238 3351 dicit,
274 3295 345 3339 cum
381 3279 445 3340 sint
478 3279 552 3351 778,
580 3278 653 3340 Iesu
681 3277 770 3340 Naue
799 3279 863 3339 452
892 3295 946 3358 pro
977 3277 1059 3338 586:
1089 3272 1145 3337 sed
1176 3273 1208 3335 in
1237 3272 1344 3337 Exodo

149 3382 260 3463 (1327,
286 3401 343 3445 666
373 3383 482 3468 1332).
507 3385 539 3446 in
563 3384 704 3447 Leuitico
729 3382 816 3466 (368.
841 3402 898 3447 666
923 3379 1012 3466 399),
1042 3382 1073 3443 in
1098 3379 1345 3444 Deuteronomio

148 3489 237 3570 (287,
263 3508 319 3553 nos
356 3488 444 3573 288),
478 3491 509 3553 in
542 3491 686 3553 iudicum
711 3489 798 3574 (695,
824 3508 894 3552 eum
918 3487 951 3549 B
975 3488 1088 3552 habeat
1112 3488 1187 3562 698,
1212 3485 1243 3547 A
1269 3487 1345 3564 700,

153 3592 180 3650 (ἓ1
212 3593 289 3679 769)
325 3594 535 3660 Sirmondiani
572 3597 692 3659 numeri
730 3594 806 3658 satis
843 3594 1033 3676 respondent
1069 3592 1344 3658 Laudunensibus.

148 3701 270 3765 aceedit
285 3703 369 3782 quod
384 3703 524 3785 procliue
540 3707 605 3766 erat
629 3720 727 3766 errare
741 3703 773 3764 in
790 3700 1002 3764 describendis
1021 3699 1172 3763 Romanis
1191 3699 1343 3778 numeris,

148 3812 184 3871 ut
208 3828 246 3871 ne
272 3827 325 3872 eos
350 3809 477 3889 quidem
500 3828 657 3882 numeros,
682 3809 736 3890 qui
756 3810 898 3870 anostra
918 3806 1140 3897 conputatione
1164 3805 1344 3883 abhorrent,

147 3915 179 3977 iu
218 3914 444 3979 Sirmondianis
487 3916 603 3979 chartis
645 3918 807 3996 tantopere
846 3913 946 3976 fuisse
988 3913 1130 3975 diuersos
1173 3911 1211 3973 ab
1251 3910 1345 3977 initio

147 4019 341 4084 crediderim.

236 4153 302 4214 Iam
318 4154 413 4216 liceat
426 4155 457 4216 in
477 4157 647 4234 conspectu
662 4173 786 4235 ponere,
804 4172 881 4233 quas
907 4151 1150 4234 Cyprianeorum
1167 4151 1343 4215 carminum

146 4264 251 4343 partes
278 4260 396 4342 singuli
420 4261 543 4324 codices
568 4260 711 4333 habeant,
738 4278 815 4339 quas
843 4258 1104 4341 praetermittant.
