3006 4762
541 671 1005 786 Phooulllvro.

266 1028 413 1111 Cypriani
438 1027 521 1093 Galli
546 1029 682 1093 hominis
712 1032 858 1106 carmina,
889 1031 1003 1112 quibus
1028 1031 1152 1094 Veteris
1176 1030 1369 1095 Testamenti

172 1134 379 1199 historiarum
403 1137 472 1198 tota
495 1135 592 1199 series
617 1139 785 1212 enarratur,
811 1136 849 1198 ad
872 1139 1016 1218 posteros
1034 1156 1096 1201 non
1121 1156 1262 1202 seorsum
1287 1137 1369 1201 edita

171 1243 340 1318 uenerunt,
366 1241 422 1304 sed
446 1242 484 1305 ab
509 1243 640 1305 exeunte
666 1242 799 1323 septimo
825 1243 952 1306 saeculo
976 1243 1131 1306 inunum
1160 1262 1272 1325 corpus
1298 1262 1368 1307 con-

169 1346 281 1409 iuncta
310 1364 382 1409 cum
412 1346 482 1408 aliis
510 1346 624 1428 poetis,
654 1347 707 1427 qui
735 1347 845 1410 mundi
874 1347 1065 1412 creationem
1089 1350 1255 1429 ceteraque
1279 1352 1364 1431 gesta

169 1452 290 1516 ueteris
324 1453 509 1516 testamenti
541 1454 701 1535 persecuti
733 1457 824 1519 sunt:
849 1454 881 1516 in
915 1455 1030 1535 quibus
1069 1473 1228 1517 summum
1261 1454 1366 1518 locum

168 1557 293 1621 obtinet
315 1557 460 1622 Alcimus
484 1559 600 1631 AuItus
625 1559 851 1624 Viennensium
875 1561 907 1624 in
933 1560 1036 1625 Gallia
1074 1560 1251 1642 episcopus.
1299 1559 1367 1623 eius

167 1663 367 1728 collectionis
396 1666 649 1729 uetustissimam
678 1667 862 1729 memoriam
898 1666 1045 1730 exhibent
1079 1666 1214 1749 catalogi
1240 1667 1365 1730 ueteres

165 1769 383 1834 Laurissensis
409 1769 626 1836 Cluuiacensis
650 1771 816 1836 Bobiensis
837 1773 989 1837 coenobii.

260 1874 431 1960 Catalogus
452 1878 596 1942 codicum
617 1878 648 1943 S.
667 1878 820 1941 Nazarii
844 1868 1106 1943 Laurissensis
1131 1878 1267 1959 scriptus
1288 1897 1312 1943 s.
1335 1878 1364 1941 X

166 1982 253 2046 hune
288 1983 388 2047 adfert
420 1983 552 2047 titulum
585 1982 638 2067 (G.
672 1983 801 2060 Becker,
837 1983 980 2067 Catalogi
1017 1987 1141 2048 ueteres
1174 2005 1205 2066 p.
1236 1985 1297 2047 111
1333 2004 1363 2047 n.

166 2089 234 2151 463
260 2087 342 2174 sqq.)
356 2088 394 2175 l):
1285 2071 1290 2095 ’

221 2281 224 2286 Ι
304 2195 441 2259 Metrum
476 2196 653 2279 Cypriani
692 2215 786 2280 super
817 2197 1076 2278 Heptateuchum
1109 2200 1140 2260 et
1171 2197 1296 2280 Regum
1332 2199 1364 2259 91

257 2302 375 2365 Hester
396 2302 505 2366 Iudith
531 2306 562 2366 et
584 2303 858 2368 Machabaeorum.
883 2303 1021 2366 Metrum
1044 2303 1181 2367 Alcimi
1206 2303 1245 2365 ad
1267 2302 1362 2384 Apol-

258 2408 406 2472 linarium
444 2409 627 2490 episcopum
664 2408 736 2471 libri
769 2408 815 2471 VI
835 2409 878 2472 :I
916 2409 953 2471 de
986 2407 1076 2472 initio
1114 2407 1224 2471 mundi
1255 2408 1286 2471 H
1325 2409 1363 2473 de
1423 2416 1426 2422 '

259 2515 403 2598 originali
426 2515 628 2596 peccatolll
652 2515 688 2577 (19
714 2515 870 2578 sententia
895 2514 944 2577 dei
963 2514 1026 2577 llll
1046 2513 1083 2577 de
1108 2514 1229 2579 diluuio
1253 2516 1361 2579 mundi

256 2621 285 2683 V
324 2621 361 2684 de
395 2621 531 2684 transitu
563 2621 659 2684 maris
691 2621 777 2683 rubri
811 2617 860 2705 [de
895 2620 1002 2683 decem
1034 2621 1138 2704 plagis
1174 2620 1322 2709 Aegypti]
1336 2621 1361 2709 2)

258 2727 303 2791 VI
327 2728 364 2791 de
393 2728 584 2810 uirginItate.
617 2730 754 2789 metrum
786 2726 985 2790 Dracontii
1017 2727 1055 2790 de
1092 2727 1210 2791 fabrica
1242 2728 1359 2793 mundi.

254 2839 392 2899 metrum
425 2833 657 2899 Columbani.
692 2834 746 2896 alii
778 2852 890 2897 uersus
924 2852 1018 2914 quam
1055 2833 1194 2916 plmimi.
1227 2833 1259 2897 in
1297 2853 1359 2898 uno

255 2941 371 3006 codice.

253 3048 339 3111 Inter
369 3047 642 3112 cluniacenses
670 3047 768 3110 libros
797 3047 959 3129 catalogus
988 3047 1070 3109 intra
1093 3058 1190 3110 annos
1217 3047 1302 3111 1158
1328 3049 1361 3110 et

165 3155 249 3216 1161
277 3155 460 3237 conpositus
484 3154 530 3238 (L.
556 3154 686 3221 Delisle.
707 3154 749 3215 Le
775 3153 907 3216 Cabinet
935 3153 989 3216 des
1017 3152 1207 3216 manuscrits
1230 3152 1262 3215 ΙΙ
1294 3154 1358 3216 459

160 3257 243 3343 sqq.)
267 3264 412 3325 recenset
434 3261 518 3324 hunc
542 3261 699 3324 codicem:

296 3368 358 3430 537
384 3368 541 3431 Volumen
564 3367 596 3430 in
621 3386 682 3448 quo
712 3365 890 3431 continetur
911 3366 1108 3429 Alohimus
1134 3366 1355 3447 episcopusin

252 3477 455 3555 eptateucum
487 3474 640 3549 uersifice‚
676 3476 707 3535 et
742 3474 774 3534 in
806 3472 904 3535 libros
937 3472 1060 3554 Regum
1096 3471 1355 3553 Paralipomenon

251 3581 368 3643 Hester
390 3580 497 3643 Iudith
517 3580 771 3644 Machabeorum.
798 3582 829 3642 et
853 3578 1042 3660 opusculum
1066 3577 1103 3640 de
1127 3577 1229 3640 ueteri
1247 3576 1356 3640 Testa-

248 3687 367 3762 mento,
384 3687 551 3750 natiuitate
571 3705 607 3750 ac
626 3687 772 3770 passione
789 3686 907 3750 domini
924 3686 1102 3766 excerptum
1118 3684 1155 3776 de
1170 3683 1354 3767 Virgiliano.

250 3863 268 3924 ¹)
290 3860 401 3915 distinxi
418 3862 489 3915 hunc
507 3862 619 3915 titulum
637 3862 665 3914 in
684 3863 819 3930 prooemio
839 3845 1011 3928 Auitiano'p.
1030 3858 1103 3915 LIII.

248 3951 267 4014 ²)
299 3949 343 4002 his
376 3949 473 4013 uerbis,
503 3967 570 4019 quae
599 3951 702 4003 uncinis
730 3950 836 4014 inclusi,
874 3949 1042 4017 significatur
1073 3949 1242 4002 notissimum
1280 3948 1348 4000 illud

150 4037 275 4106 Eugenii
305 4055 411 4092 carmen
440 4040 601 4109 uigesimum
630 4039 669 4093 ed.
696 4039 840 4104 Sirmondi,
870 4037 941 4107 quod
964 4055 1017 4090 non
1046 4054 1094 4090 suo
1113 4037 1172 4090 loco
1192 4040 1353 4090 recensetur.

150 4113 203 4180 sod
227 4130 276 4179 aut
299 4126 442 4195 legebatur
463 4131 525 4196 post
543 4128 717 4180 Dracontium
736 4128 808 4180 inter
825 4127 983 4197 Eugeniana
999 4128 1123 4191 carmina,
1139 4129 1187 4179 aut
1200 4124 1349 4178 subiectum

150 4216 213 4268 erat
232 4215 328 4283 quinto
347 4215 446 4269 Alcimi
464 4215 532 4270 libro
552 4217 661 4285 propter
679 4217 831 4286 argumenti
852 4215 1065 4270 similitudinem.

148 4337 237 4378 XXIII.
252 4337 319 4389 Gypr.
335 4344 397 4388 poet.
1303 4336 1319 4374 Β
