3006 4762
602 320 849 376 Prooemium,
1226 308 1299 372 XIX

99 495 134 554 et
157 492 284 558 Niniue.
301 512 373 556 narn
397 495 568 572 utrumque
592 509 716 554 carmen
740 493 772 554 in
796 491 904 556 codice
927 493 1026 557 fuisse
1051 497 1145 575 atque
1164 496 1297 559 Tertuli·
1373 527 1380 547 ι
1462 489 1465 496 ’

100 599 154 661 ani
178 601 305 665 nomine
328 599 518 682 inscriptum
541 586 724 661 luculen'tus
748 597 842 662 testis
867 603 917 661 est
940 598 1036 662 codex
1059 599 1093 676 P,
1119 601 1173 681 qui
1191 603 1297 666 nescio

97 723 138 767 an
163 723 198 769 en
221 707 300 789 ipsis
323 706 447 770 laciniis
472 704 590 768 ueteris
613 703 778 767 Nazariani
802 704 874 767 libri
898 705 1075 788 descriptus
1101 707 1151 770 sit.

190 811 311 877 Codex
334 811 495 887 Pithoei,
521 829 555 874 ex
581 829 642 891 quo
666 810 793 874 Iuratus
809 811 848 874 ad
866 811 988 875 Paulin.
1005 812 1118 876 Petric.
1134 815 1218 877 1585
1234 814 1296 896 pri-
1326 810 1347 860 Ρ

94 937 170 981 mus
185 937 309 983 carmen
326 919 363 982 de
379 919 455 982 lona
470 920 502 981 et
515 916 632 981 Niniue
648 916 747 980 edidit
756 916 942 979 Tertulliani
957 916 1082 980 nornine
1096 918 1294 1000 inscriptum.

97 1021 271 1088 Colbertini
286 1024 501 1108 apographum
525 1022 713 1087 mendosum
737 1023 836 1089 fuisse
860 1024 996 1090 uidetur.

186 1130 400 1213 Interpolatus
420 1133 526 1194 textus
547 1130 703 1194 duorum
724 1131 937 1204 carminum,
954 1130 1200 1200 TERTULLIANI
1216 1152 1294 1213 quae

95 1236 250 1314 feruntur,
268 1258 362 1319 quem
377 1241 483 1301 tamen
498 1256 609 1301 uerum
624 1236 752 1320 putauit
771 1237 804 1299 L.
825 1236 961 1299 Mueller
979 1238 1063 1300 Mus.
1084 1238 1181 1302 Rhen.
1204 1240 1293 1302 XXll

93 1364 125 1424 p.
153 1345 217 1406 332
243 1365 322 1426 sqq.,
346 1347 420 1427 post
443 1344 634 1408 Muellerum
668 1343 830 1407 Hartelius
844 1341 877 1425 ¹),
912 1361 950 1405 ex
985 1341 1293 1427 cluniacensium
1414 1429 1418 1438 μ

92 1449 290 1515 bibliotheca
303 1452 463 1527 manauit3
485 1451 608 1515 scilicet
625 1449 707 1513 inter
727 1448 998 1513 cluniacenses
1017 1448 1166 1527 librosin
1186 1455 1292 1516 uetere

92 1555 240 1640 catalogo
266 1557 362 1621 codex
387 1559 451 1636 526
476 1557 522 1621 sic
546 1555 751 1620 describitur:

227 1663 385 1726 Volumen
415 1664 446 1726 in
476 1681 537 1744 quo
567 1662 768 1727 continentur
790 1662 957 1737 Inuencus,
984 1662 1142 1739 Sedulius,
1167 1663 1289 1741 Arator.
1339 1662 1341 1666 '

184 1769 329 1859 Prosper,
364 1769 550 1850 quoddam
582 1771 740 1832 metrum
772 1768 994 1855 Tertuliani,
1025 1768 1112 1844 Cato,
1136 1769 1288 1835 Auienus.

184 1876 319 1955 quedam
347 1876 470 1939 diuerse
500 1874 703 1938 collectiones
732 1893 883 1937 uersuum
912 1873 1107 1938 diuersorum
1136 1878 1288 1952 actorum.

180 1980 253 2044 libri
276 1982 406 2046 Archini
430 1978 512 2067 [leg.
537 1978 686 2066 Alchimi]
716 1980 866 2062 episcopi,
891 1999 940 2044 ars
969 1980 1082 2044 Isidori
1116 1981 1153 2044 de
1187 2001 1287 2065 gram-

181 2087 298 2150 matica
322 2087 413 2151 etde
438 2086 615 2168 disciplinis
639 2086 772 2149 aliarum
797 2085 921 2148 artium.

179 2193 241 2256 Hic
273 2193 353 2257 liber
386 2193 425 2256 ad
457 2195 565 2257 nostra
592 2195 734 2274 tempora
757 2191 863 2266 irenit;
889 2194 938 2254 est
962 2192 1046 2254 euim
1069 2192 1286 2256 nobilissimus
1315 2187 1340 2238 V

91 2297 174 2361 liber
196 2299 311 2362 Alcimi
344 2299 720 2383 Lugduno·Batauus
753 2297 859 2362 Voss.
884 2299 947 2361 lat.
974 2295 1000 2374 Q
1030 2299 1071 2387 66
1094 2300 1225 2364 membr.
1260 2318 1285 2362 s.

88 2404 194 2487 vnn,
220 2423 314 2485 quern
338 2406 518 2470 accuratius
543 2404 695 2487 descripsi
718 2404 750 2467 in
772 2404 932 2485 prooemio
956 2404 1105 2467 Auitiano
1123 2425 1154 2486 p.
1173 2404 1284 2470 LXVI.
1366 2440 1368 2444 ·

85 2510 132 2573 ibi
155 2510 176 2574 f.
203 2513 258 2574 81⁰
282 2512 322 2575 ad
346 2514 420 2576 85¹¹:
444 2513 477 2575 in
501 2512 611 2576 christi
644 2511 769 2574 nomine
801 2510 914 2592 incipit
946 2510 1083 2575 dictatus
1111 2512 1285 2575 tertuliani

86 2618 219 2682 metrica
252 2621 317 2682 arte
351 2618 539 2682 constricius
567 2618 599 2680 in
627 2617 736 2699 primis
762 2616 799 2680 de
827 2617 972 2681 incendio
997 2618 1215 2683 Sodomorum.
1240 2658 1284 2667 -

87 2723 125 2786 de
159 2724 305 2789 Sodomis
338 2723 531 2805 explicitum.
566 2723 603 2785 de
636 2723 720 2786 lona.
747 2722 851 2785 -de
885 2722 961 2786 lona
985 2723 1177 2804 explicitum.
1202 2725 1280 2789 finit.

176 2830 312 2894 contulit
349 2830 489 2894 codicem
526 2830 560 2892 L.
599 2829 735 2892 Mueller
776 2831 860 2895 Mus.
899 2831 997 2895 eren.
1040 2831 1131 2892 XXII
1169 2831 1281 2904 (leoli

1176 2906 1180 2915 r
1271 2901 1276 2914 l

84 2956 115 3017 p.
140 2938 205 2999 328
231 2956 298 3017 sqq.
324 2936 436 3000 dubios
461 2936 582 3016 aliquot
604 2936 691 2999 locos
716 2955 822 2999 rneum
846 2936 877 2998 in
901 2956 996 2999 usum
1021 2936 1122 3000 denuo
1146 2937 1281 3020 inspexit

84 3061 116 3104 u.
142 3042 170 3105 d.
197 3043 234 3106 de
258 3042 359 3107 Vries.
1067 3066 1069 3069 ·

173 3149 308 3212 alterum
332 3149 426 3212 hnius
452 3149 575 3232 generis
600 3149 756 3231 exemplar
780 3154 828 3212 est
851 3149 1156 3212 Vindobonensis
1183 3151 1223 3212 lo
1252 3171 1276 3214 s.
1308 3141 1333 3193 Τ

87 3254 188 3329 VIHI,
212 3257 287 3336 post
311 3252 481 3317 Oelrlerum
506 3253 707 3338 (Tertulliani
732 3273 824 3336 opera
847 3255 878 3316 ΙΙ
903 3252 978 3337 769)
1008 3254 1045 3316 ab
1072 3253 1109 3317 G.
1134 3255 1276 3320 Hartelio

84 3361 239 3437 conlatus,
265 3361 319 3441 qui
343 3361 446 3423 solum
472 3360 509 3422 de
533 3360 609 3423 Iona
636 3360 790 3442 propbeta
822 3379 946 3422 carmen
976 3360 1072 3423 habet
1095 3361 1276 3426 Tertuliano

81 3466 286 3553 adscriptum.

170 3573 312 3637 codicem
334 3572 433 3638 Paris.
460 3574 544 3635 8321.
572 3571 815 3656 (Colbertinum)
840 3592 864 3635 s.
889 3573 957 3649 XV,
982 3574 1014 3636 in
1044 3593 1105 3653 quo
1131 3573 1275 3656 Cypriani

79 3678 225 3755 Sodoma,
250 3698 311 3743 non
335 3679 411 3743 uidi.

167 3785 220 3852 ΑΙ)
242 3799 459 3853 SENATOREM
488 3804 610 3848 carmen
634 3789 758 3867 praeter
775 3785 806 3846 P
828 3786 861 3848 hi
884 3786 956 3849 libri
976 3787 1111 3850 habent:

167 3996 187 4059 ¹)
200 3992 272 4062 quod
282 3993 415 4046 minorest
425 3995 452 4046 in
466 3996 644 4048 VTnumerus
659 3995 801 4048 elisionum
815 3995 975 4063 sublataque
989 3995 1066 4048 ineis
1082 3997 1273 4049 suntmonstra

76 4079 207 4148 quaedam
229 4085 256 4134 et
274 4081 385 4134 metrica
405 4084 433 4134 et
452 4082 634 4151 grammatica,
653 4080 717 4134 inde
727 4098 781 4134 non
794 4086 867 4134 recte
874 4081 1084 4136 concludebatur
1102 4081 1136 4134 ad
1155 4082 1272 4135 auctoris

75 4168 157 4221 uerba
175 4170 286 4238 propius
307 4169 430 4223 accedere
450 4170 498 4222 hos
517 4170 608 4225 libros.
638 4187 689 4239 quo
710 4173 802 4223 tamen
819 4171 938 4239 priorum
958 4170 1092 4224 editorum
1110 4187 1164 4222 non
1182 4171 1271 4223 minu·

73 4257 130 4329 itur
147 4257 283 4322 meritum,
303 4274 415 4325 quorum
437 4258 556 4311 sollertia
570 4257 671 4311 factum
688 4264 737 4322 est,
757 4261 787 4311 ut
805 4276 854 4312 nos
872 4259 973 4313 rectius
992 4258 1110 4312 indicare
1121 4273 1270 4328 possemus.

1197 4362 1231 4416 b*
