3006 4762
264 881 598 994 lllllllllldllllll
636 881 866 993 clllllll
904 882 1175 1019 lllllQllllE.

611 1122 780 1187 nnuvn
804 1125 815 1186 1
841 1082 851 1110 ‘

175 1271 186 1329 l
220 1284 252 1334 19
282 1283 315 1334 10
380 1266 513 1347 denique
539 1264 699 1346 quaesitos
723 1265 832 1348 tetigit
854 1268 959 1329 tumen
983 1265 1037 1330 ille
1060 1269 1202 1348 penates.

173 1378 191 1437 2
217 1389 250 1441 ‘20
263 1390 296 1441 30
310 1407 349 1458 sq.
373 1392 525 1455 pmeeaue
549 1391 632 1435 nune
656 1371 752 1435 miser
774 1392 832 1436 nee
855 1375 886 1436 te
911 1371 985 1435 dum
1013 1373 1117 1436 neseis
1147 1376 1179 1436 et
1202 1371 1298 1435 audes

172 1486 191 1540 3
282 1497 315 1548 er
336 1499 351 1546 n
372 1479 494 1560 obrepit
516 1481 698 1561 partemque
723 1483 810 1542 secat
833 1478 871 1542 de
895 1481 985 1542 ueste
1009 1478 1130 1542 fluenti.

607 1663 775 1728 lrEGVM
800 1665 827 1726 ll

172 1813 192 1871 4
281 1823 314 1874 23
335 1827 350 1874 s
375 1857 408 1870 ..
434 1787 525 1887 quasi
546 1805 742 1870 uenniaulus
765 1805 844 1888 ligni
867 1804 1055 1869 teneminms
1072 1853 1104 1866 ..

172 1918 190 1976 ι’)
218 1930 294 1980 2311
310 1946 348 1997 sq.
374 1913 456 1975 hune
481 1911 623 1993 sequitur
647 1911 781 1976 Semada
804 1912 927 1988 ducem,
952 1911 1006 1992 qui
1029 1910 1163 1974 fortibus
1188 1910 1274 1973 ausis

374 2022 535 2082 sescentos
559 2017 686 2100 perimit
710 2021 741 2080 et
763 2021 905 2099 tempera
927 2018 1010 2080 laeta
1032 2016 1165 2081 reducit.

239 2238 333 2288 titulus
352 2237 502 2288 eurmdrum
518 2240 630 2301 praeter
652 2233 750 2311 ludum
775 2234 890 2285 trudunt
915 2239 1014 2285 ueteres
1033 2234 1153 2300 eutaloyr'
1172 2233 1293 2286 Nazari-

151 2344 222 2377 uuue
241 2332 265 2377 et
287 2325 508 2376 t'lnuiueeuse'um
527 2322 757 2375 bibliothecarum.

240 2434 251 2484 1
274 2432 364 2485 llice:
384 2430 519 2500 Quesitus.
539 2430 821 2498 Denique—penates.

244 2521 321 2588 l'ulq.
341 2521 377 2572 llt
395 2518 484 2571 Dauid
503 2518 575 2585 fugit
595 2523 622 2569 et
641 2517 761 2570 saluatus
782 2520 823 2569 est
842 2522 920 2568 nocte
939 2517 995 2569 illu.

239 2627 369 2678 illino:
400 2626 526 2678 Preeaue.
559 2622 764 2677 Nune—audes.
797 2624 847 2676 Ale
881 2623 968 2689 (audis
1002 2624 1116 2677 deterior·
1148 2625 1232 2678 under
1259 2627 1298 2691 ef.

150 2717 280 2768 Marum.
306 2717 361 2766 l'll
382 2719 428 2780 92,
452 2719 476 2768 l.
500 2720 524 2767 li.
546 2719 565 2766 8
584 2713 660 2766 audis
680 2717 708 2765 et
726 2714 821 2769 nescis
840 2713 966 2776 Baccara,
987 2713 1055 2782 quid
1074 2714 1111 2766 sit
1131 2724 1217 2784 opus.)

244 2805 321 2872 tuq.
345 2803 433 2855 Iratus
459 2806 549 2855 autem
574 2802 639 2854 Saul
663 2800 791 2853 aduersus
809 2800 943 2854 Ionathan
964 2800 1034 2855 dixit
1043 2803 1068 2854 ei
1083 2822 1089 2855 :
1104 2802 1159 2854 Fili
1175 2802 1299 2864 mulieris
1329 2811 1331 2816 ’

150 2895 235 2946 uirum
260 2893 330 2947 ultre
356 2892 494 2962 rapientis,
519 2890 650 2960 numquid
673 2891 776 2958 ignoro,
802 2890 865 2959 quia
889 2890 981 2960 diligis
1004 2891 1090 2944 lilium
1113 2892 1170 2944 lsai
1189 2892 1217 2944 in
1237 2908 1299 2944 eon·

149 2982 281 3034 fusionem
302 2990 376 3033 tuam
397 2983 424 3047 et
444 2979 471 3031 in
492 2979 674 3032 contusionem
693 2978 786 3031 matris
805 2978 889 3031 tuae?
902 2979 957 3046 (31)
969 2978 1095 3032 omnibus
1110 2981 1180 3032 enim
1194 2979 1299 3046 diebus,

154 3068 250 3138 quibus
261 3069 331 3120 tilius
342 3067 396 3120 lsai
407 3067 505 3119 uixerit
515 3083 595 3135 super
604 3072 711 3122 terram.
722 3083 776 3118 non
787 3064 982 3133 stabilierisltu.
993 3083 1080 3136 neque
1090 3084 1203 3135 regnum
1212 3072 1298 3120 tunm.

245 3177 259 3225 :l
279 3175 375 3226 Minu:
395 3173 648 3241 illuuqrit-tlmnrti.
679 3174 847 3242 partemque!
867 3173 1020 3242 pariterque
1041 3175 1155 3226 deterior
1174 3174 1265 3227 eodan.

249 3265 325 3331 Vulq.
338 3263 456 3314 Sum-exit
472 3279 535 3329 erge
546 3261 636 3314 Dauid
648 3265 676 3314 et
693 3248 826 3330 praeridit
845 3278 916 3315 oram
933 3262 1080 3330 chlamydis
1096 3263 1161 3316 Saul
1178 3263 1297 3315 silenter.

237 3372 255 3421 4
278 3369 442 3422 Aldlrelums
458 3386 487 3435 J).
516 3373 589 3421 310:
611 3373 688 3421 tener
711 3368 879 3430 tenerrimus,
894 3371 925 3420 ut
944 3368 971 3420 in
985 3368 1108 3427 Busilion
1123 3376 1230 3423 nautum
1246 3372 1296 3423 asi:

148 3457 431 3528 quasi-tenerrimus.
1154 3460 1157 3465 “
1246 3447 1248 3449 ’
1270 3465 1272 3469 ’

246 3547 324 3614 Vulq.
343 3546 417 3598 Haec
437 3546 546 3598 numina
565 3545 674 3598 l'ertium
694 3543 785 3597 Dauid
802 3587 807 3595 .
823 3543 918 3596 sedens
937 3544 964 3595 in
985 3543 1113 3598 cathedra
1131 3545 1298 3614 sapientissi-

152 3655 211 3689 mus
235 3636 359 3706 princeps
382 3637 453 3688 inter
476 3641 531 3687 tres
555 3635 612 3704 ipse
638 3638 679 3686 est
703 3634 779 3702 quasi
799 3633 957 3685 tenerrimus
976 3633 1044 3701 ligni
1063 3633 1232 3688 uenniculus.
1253 3634 1299 3701 qui

152 3717 323 3794 octingentes
341 3725 478 3778 interfecit
496 3726 598 3793 impetu
618 3739 679 3774 une.

239 3835 254 3884 ὃ
276 3834 331 3885 uid.
351 3833 479 3884 Jmliemn
499 3849 544 3883 uu.
567 3834 620 3883 v7:31
637 3846 675 3896 sq.

245 3921 322 3988 Γαίῃ.
356 3922 391 3973 nt
420 3927 481 3991 pest
511 3920 580 3971 lium·
616 3917 794 3982 (Eleazarum)
829 3918 936 3969 Semina
967 3915 1038 3969 tilius
1067 3917 1125 3984 Age
1157 3915 1189 3969 de
1217 3918 1298 3978 Arari

151 4008 175 4074 (ὁ
196 4007 314 4077 Σαμαίας
334 4006 387 4069 αἱας
407 4006 465 4058 Ηλα
485 4005 498 4056 ὁ
518 4006 632 4076 Apu-m
649 4008 677 4057 et
691 4005 849 4074 congregati
864 4013 928 4057 sunt
941 4004 1108 4057 Plrilistlriim
1123 4004 1150 4057 in
1165 4005 1296 4057 statione:

152 4104 210 4148 erat
239 4094 276 4147 ibi
307 4089 405 4166 quippe
434 4112 499 4164 ager
526 4095 599 4147 lente
628 4093 731 4163 plenus.
761 4110 874 4162 eumque
903 4093 1019 4161 fugisset
1050 4093 1165 4162 populus
1190 4111 1206 4146 a
1228 4095 1298 4147 faeie

148 4185 325 4247 l’lrilistlriim
348 4186 403 4250 112)
425 4185 504 4237 stetit
522 4183 568 4236 ille
588 4182 615 4234 in
635 4181 723 4234 medio
744 4182 803 4251 agri
822 4187 850 4234 et
867 4183 955 4234 tuitus
975 4187 1016 4235 est
1030 4199 1090 4235 eum
1109 4183 1296 4251 percussitque

147 4273 331 4326 Plrilisthaeus
343 4315 347 4324 .
360 4278 388 4327 et
406 4273 472 4325 ferit
491 4271 614 4325 deminus
634 4270 749 4325 sulutem
768 4286 902 4338 magnam.
959 4258 960 4261 ¹

203 4398 283 4435 xrnr.
300 4396 369 4446 cypr,
386 4407 445 4447 pom,
1104 4377 1136 4426 14
